
  <marc:record source="doyle.bne.national.library.xml">
    <marc:leader>01466cam a2200409 i 4500</marc:leader>
    <marc:controlfield tag="001">a4818917</marc:controlfield>
    <marc:controlfield tag="003">SpMaBN</marc:controlfield>
    <marc:controlfield tag="005">20100920203402.2</marc:controlfield>
    <marc:controlfield tag="008">100906s2010    sp     | |||| 000 f spa  </marc:controlfield>
    <marc:datafield tag="015" ind1=" " ind2=" ">
      <marc:subfield code="a">MON1009</marc:subfield>
    </marc:datafield>
    <marc:datafield tag="017" ind1=" " ind2=" ">
      <marc:subfield code="a">NA 1044-2010</marc:subfield>
      <marc:subfield code="b">Oficina Depósito Legal Navarra</marc:subfield>
    </marc:datafield>
    <marc:datafield tag="020" ind1=" " ind2=" ">
      <marc:subfield code="a">978-84-206-6646-4</marc:subfield>
    </marc:datafield>
    <marc:datafield tag="035" ind1=" " ind2=" ">
      <marc:subfield code="a">(OCoLC)868812620</marc:subfield>
    </marc:datafield>
    <marc:datafield tag="040" ind1=" " ind2=" ">
      <marc:subfield code="a">SpMaBN</marc:subfield>
      <marc:subfield code="b">spa</marc:subfield>
      <marc:subfield code="c">SpMaBN</marc:subfield>
      <marc:subfield code="e">rdc</marc:subfield>
    </marc:datafield>
    <marc:datafield tag="041" ind1="1" ind2=" ">
      <marc:subfield code="a">spa</marc:subfield>
      <marc:subfield code="h">eng</marc:subfield>
    </marc:datafield>
    <marc:datafield tag="080" ind1=" " ind2=" ">
      <marc:subfield code="a">821.111-31"18"</marc:subfield>
    </marc:datafield>
    <marc:datafield tag="100" ind1="1" ind2=" ">
      <marc:subfield code="a">Doyle, Arthur Conan</marc:subfield>
      <marc:subfield code="c">Sir</marc:subfield>
      <marc:subfield code="d">1859-1930</marc:subfield>
      <marc:subfield code="1p">http://viaf.org/viaf/65283845</marc:subfield>
    </marc:datafield>
    <marc:datafield tag="245" ind1="1" ind2="0">
      <marc:subfield code="a">Sherlock Holmes</marc:subfield>
      <marc:subfield code="h">[Texto impreso]</marc:subfield>
      <marc:subfield code="c">Arthur Conan Doyle ; traducción y notas de Juan Manuel Ibeas Delgado y
        José Luis López Muñoz</marc:subfield>
    </marc:datafield>
    <marc:datafield tag="250" ind1=" " ind2=" ">
      <marc:subfield code="a">1ª ed., 1ª reimp.</marc:subfield>
    </marc:datafield>
    <marc:datafield tag="260" ind1=" " ind2=" ">
      <marc:subfield code="a">Madrid</marc:subfield>
      <marc:subfield code="b">Alianza Editorial</marc:subfield>
      <marc:subfield code="c">2010</marc:subfield>
    </marc:datafield>
    <marc:datafield tag="300" ind1=" " ind2=" ">
      <marc:subfield code="a">405 p.</marc:subfield>
      <marc:subfield code="c">20 cm</marc:subfield>
    </marc:datafield>
    <marc:datafield tag="490" ind1="1" ind2=" ">
      <marc:subfield code="a">Las novelas</marc:subfield>
      <marc:subfield code="v">2</marc:subfield>
    </marc:datafield>
    <marc:datafield tag="490" ind1="1" ind2=" ">
      <marc:subfield code="a">13 20</marc:subfield>
    </marc:datafield>
    <marc:datafield tag="505" ind1="0" ind2=" ">
      <marc:subfield code="a">El signo de los cuatro ; El sabueso de Baskerville</marc:subfield>
    </marc:datafield>
    <marc:datafield tag="700" ind1="1" ind2="2">
      <marc:subfield code="a">Doyle, Arthur Conan</marc:subfield>
      <marc:subfield code="c">Sir</marc:subfield>
      <marc:subfield code="d">1859-1930</marc:subfield>
      <marc:subfield code="t">The hound of the Baskervilles</marc:subfield>
      <marc:subfield code="1p">http://viaf.org/viaf/65283845</marc:subfield>
      <marc:subfield code="1w">http://viaf.org/viaf/181625655</marc:subfield>
      <marc:subfield code="l">spa</marc:subfield>
    </marc:datafield>
    <marc:datafield tag="700" ind1="1" ind2="2">
      <marc:subfield code="a">Doyle, Arthur Conan</marc:subfield>
      <marc:subfield code="c">Sir</marc:subfield>
      <marc:subfield code="d">1859-1930</marc:subfield>
      <marc:subfield code="1p">http://viaf.org/viaf/65283845</marc:subfield>
      <marc:subfield code="t">The sign of four</marc:subfield>
      <marc:subfield code="1w">http://viaf.org/viaf/184892317</marc:subfield>
      <marc:subfield code="l">spa</marc:subfield>
    </marc:datafield>
    <marc:datafield tag="700" ind1="1" ind2=" ">
      <marc:subfield code="a">Ibeas Delgado, Juan Manuel</marc:subfield>
      <marc:subfield code="4">trl</marc:subfield>
      <marc:subfield code="1p">http://viaf.org/viaf/170913932</marc:subfield>
    </marc:datafield>
    <marc:datafield tag="700" ind1="1" ind2=" ">
      <marc:subfield code="a">López Muñoz, José Luis</marc:subfield>
      <marc:subfield code="4">trl</marc:subfield>
      <marc:subfield code="1p">lpezmuozjosluis</marc:subfield>
    </marc:datafield>
    <marc:datafield tag="740" ind1="3" ind2="2">
      <marc:subfield code="a">El signo de los cuatro</marc:subfield>
    </marc:datafield>
    <marc:datafield tag="740" ind1="3" ind2="2">
      <marc:subfield code="a">El sabueso de los Baskerville</marc:subfield>
    </marc:datafield>
    <marc:datafield tag="800" ind1="1" ind2=" ">
      <marc:subfield code="a">Doyle, Arthur Conan</marc:subfield>
      <marc:subfield code="c">Sir</marc:subfield>
      <marc:subfield code="d">1859-1930</marc:subfield>
      <marc:subfield code="t">Las novelas</marc:subfield>
      <marc:subfield code="v">2</marc:subfield>
      <marc:subfield code="1p">http://viaf.org/viaf/65283845</marc:subfield>
    </marc:datafield>
    <marc:datafield tag="830" ind1=" " ind2="0">
      <marc:subfield code="a">13 20</marc:subfield>
    </marc:datafield>
  </marc:record>