
  <marc:record source="doyle.bne.national.library.xml">
    <marc:leader>01165nam a2200325 c 4500</marc:leader>
    <marc:controlfield tag="001">a5930743</marc:controlfield>
    <marc:controlfield tag="005">20181117004014.7</marc:controlfield>
    <marc:controlfield tag="008">170403s2016    sp a   | |||| 000 f spa  </marc:controlfield>
    <marc:datafield tag="015" ind1=" " ind2=" ">
      <marc:subfield code="a">MON1711</marc:subfield>
    </marc:datafield>
    <marc:datafield tag="017" ind1=" " ind2=" ">
      <marc:subfield code="a">SE 1273-2016</marc:subfield>
      <marc:subfield code="b">Oficina Depósito Legal Sevilla</marc:subfield>
    </marc:datafield>
    <marc:datafield tag="020" ind1=" " ind2=" ">
      <marc:subfield code="a">978-84-16034-77-2</marc:subfield>
    </marc:datafield>
    <marc:datafield tag="040" ind1=" " ind2=" ">
      <marc:subfield code="a">SpMaBN</marc:subfield>
      <marc:subfield code="b">spa</marc:subfield>
      <marc:subfield code="c">SpMaBN</marc:subfield>
      <marc:subfield code="e">rdc</marc:subfield>
    </marc:datafield>
    <marc:datafield tag="041" ind1="1" ind2=" ">
      <marc:subfield code="a">spa</marc:subfield>
      <marc:subfield code="h">eng</marc:subfield>
    </marc:datafield>
    <marc:datafield tag="080" ind1=" " ind2=" ">
      <marc:subfield code="a">821.111(410)-31"18"</marc:subfield>
    </marc:datafield>
    <marc:datafield tag="100" ind1="1" ind2=" ">
      <marc:subfield code="a">Doyle, Arthur Conan</marc:subfield>
      <marc:subfield code="c">Sir</marc:subfield>
      <marc:subfield code="d">1859-1930</marc:subfield>
      <marc:subfield code="4">aut</marc:subfield>
      <marc:subfield code="1p">http://viaf.org/viaf/65283845</marc:subfield>
    </marc:datafield>
    <marc:datafield tag="240" ind1="1" ind2="0">
      <marc:subfield code="a">Micah Clarke</marc:subfield>
      <marc:subfield code="1w">http://viaf.org/viaf/310212942</marc:subfield>
      <marc:subfield code="2">generated from 245</marc:subfield>
      <marc:subfield code="l">spa</marc:subfield>
    </marc:datafield>
    <marc:datafield tag="245" ind1="1" ind2="0">
      <marc:subfield code="a">Micah Clarke</marc:subfield>
      <marc:subfield code="c">Arthur Conan Doyle ; prólogo de Antonio González Lejárraga ; versión
        española de José Matos ; ilustraciones de Henry C. Pitz</marc:subfield>
    </marc:datafield>
    <marc:datafield tag="260" ind1=" " ind2=" ">
      <marc:subfield code="a">Sevilla</marc:subfield>
      <marc:subfield code="b">Espuela de Plata</marc:subfield>
      <marc:subfield code="c">2016</marc:subfield>
    </marc:datafield>
    <marc:datafield tag="300" ind1=" " ind2=" ">
      <marc:subfield code="a">697 p.</marc:subfield>
      <marc:subfield code="b">il.</marc:subfield>
      <marc:subfield code="c">21 cm</marc:subfield>
    </marc:datafield>
    <marc:datafield tag="336" ind1=" " ind2=" ">
      <marc:subfield code="a">Texto (visual)</marc:subfield>
      <marc:subfield code="2">isbdcontent</marc:subfield>
    </marc:datafield>
    <marc:datafield tag="337" ind1=" " ind2=" ">
      <marc:subfield code="a">sin mediación</marc:subfield>
      <marc:subfield code="2">isbdmedia</marc:subfield>
    </marc:datafield>
    <marc:datafield tag="490" ind1="0" ind2=" ">
      <marc:subfield code="a">Clásicos y Modernos</marc:subfield>
      <marc:subfield code="v">34</marc:subfield>
    </marc:datafield>
    <marc:datafield tag="595" ind1=" " ind2=" ">
      <marc:subfield code="a">Edición limitada de 500 ejemplares</marc:subfield>
    </marc:datafield>
    <marc:datafield tag="655" ind1=" " ind2="7">
      <marc:subfield code="a">Novelas</marc:subfield>
      <marc:subfield code="2">tgfbne</marc:subfield>
    </marc:datafield>
    <marc:datafield tag="700" ind1="1" ind2=" ">
      <marc:subfield code="a">Pitz, Henry C.</marc:subfield>
      <marc:subfield code="e">ilustrador</marc:subfield>
      <marc:subfield code="4">ill</marc:subfield>
      <marc:subfield code="1p">pitzhenryc</marc:subfield>
    </marc:datafield>
    <marc:datafield tag="700" ind1="1" ind2=" ">
      <marc:subfield code="a">Matos, José</marc:subfield>
      <marc:subfield code="c">(traductor)</marc:subfield>
      <marc:subfield code="e">traductor</marc:subfield>
      <marc:subfield code="4">trl</marc:subfield>
      <marc:subfield code="1p">matosjos</marc:subfield>
    </marc:datafield>
  </marc:record>