
  <marc:record source="doyle.bne.national.library.xml">
    <marc:leader>02004ngm a2200517 4500</marc:leader>
    <marc:controlfield tag="001">bivi0000012759</marc:controlfield>
    <marc:controlfield tag="003">SpMaBN</marc:controlfield>
    <marc:controlfield tag="005">20160128143913.5</marc:controlfield>
    <marc:controlfield tag="007">vfocbahzs</marc:controlfield>
    <marc:controlfield tag="008">981204s1997    sp 052           1vlspa  </marc:controlfield>
    <marc:datafield tag="015" ind1=" " ind2=" ">
      <marc:subfield code="a">VD97</marc:subfield>
    </marc:datafield>
    <marc:datafield tag="016" ind1="7" ind2=" ">
      <marc:subfield code="a">biviBNE19980094834</marc:subfield>
      <marc:subfield code="2">SpMaBN</marc:subfield>
    </marc:datafield>
    <marc:datafield tag="017" ind1=" " ind2=" ">
      <marc:subfield code="a">B 3762-1997</marc:subfield>
      <marc:subfield code="b">Oficina Depósito Legal Barcelona</marc:subfield>
    </marc:datafield>
    <marc:datafield tag="035" ind1=" " ind2=" ">
      <marc:subfield code="a">(OCoLC)733232645</marc:subfield>
    </marc:datafield>
    <marc:datafield tag="040" ind1=" " ind2=" ">
      <marc:subfield code="a">SpMaBN</marc:subfield>
      <marc:subfield code="b">spa</marc:subfield>
      <marc:subfield code="c">SpMaBN</marc:subfield>
      <marc:subfield code="e">rdc</marc:subfield>
    </marc:datafield>
    <marc:datafield tag="041" ind1="1" ind2=" ">
      <marc:subfield code="a">spa</marc:subfield>
      <marc:subfield code="d">eng</marc:subfield>
    </marc:datafield>
    <marc:datafield tag="084" ind1=" " ind2=" ">
      <marc:subfield code="a">1</marc:subfield>
      <marc:subfield code="2">VD</marc:subfield>
    </marc:datafield>
    <marc:datafield tag="130" ind1="4" ind2="0">
      <marc:subfield code="a">The second stain</marc:subfield>
      <marc:subfield code="l">Español</marc:subfield>
    </marc:datafield>
    <marc:datafield tag="245" ind1="1" ind2="3">
      <marc:subfield code="a">El misterio de la segunda mancha</marc:subfield>
      <marc:subfield code="b">= The second stain</marc:subfield>
      <marc:subfield code="c">director, John Bruce ; música, Patrick Gowers ; guión John Hawkesworth
        ; productor, June Wyndhan Davies</marc:subfield>
      <marc:subfield code="h">[Videograbación]</marc:subfield>
    </marc:datafield>
    <marc:datafield tag="260" ind1="0" ind2=" ">
      <marc:subfield code="a">[Barcelona]</marc:subfield>
      <marc:subfield code="b">Planeta-Agostini</marc:subfield>
      <marc:subfield code="c">D.L. 1997</marc:subfield>
    </marc:datafield>
    <marc:datafield tag="300" ind1=" " ind2=" ">
      <marc:subfield code="a">1 videocasete (VHS) (52 min)</marc:subfield>
      <marc:subfield code="b">son., col.</marc:subfield>
    </marc:datafield>
    <marc:datafield tag="440" ind1=" " ind2="0">
      <marc:subfield code="a">Sherlock Holmes (Planeta-Agostini)</marc:subfield>
    </marc:datafield>
    <marc:datafield tag="500" ind1=" " ind2=" ">
      <marc:subfield code="a">Adaptación de la obra de Sir Arthur Conan Doyle</marc:subfield>
    </marc:datafield>
    <marc:datafield tag="511" ind1="1" ind2=" ">
      <marc:subfield code="a">Jeremy Brett, Edward Hardwicke, Patricia Hodge, etc.</marc:subfield>
    </marc:datafield>
    <marc:datafield tag="521" ind1=" " ind2=" ">
      <marc:subfield code="a">No recomendada para menores de 7 años</marc:subfield>
    </marc:datafield>
    <marc:datafield tag="546" ind1=" " ind2=" ">
      <marc:subfield code="a">Doblada en español</marc:subfield>
    </marc:datafield>
    <marc:datafield tag="597" ind1=" " ind2=" ">
      <marc:subfield code="a">Sistema de grabación del color PAL</marc:subfield>
    </marc:datafield>
    <marc:datafield tag="700" ind1="1" ind2=" ">
      <marc:subfield code="a">Doyle, Arthur Conan</marc:subfield>
      <marc:subfield code="c">Sir</marc:subfield>
      <marc:subfield code="d">1859-1930</marc:subfield>
      <marc:subfield code="t">The return of Sherlock Holmes</marc:subfield>
      <marc:subfield code="1p">http://viaf.org/viaf/65283845</marc:subfield>
      <marc:subfield code="1w">http://www.wikidata.org/entity/Q725752</marc:subfield>
      <marc:subfield code="4">http://rdaregistry.info/Elements/w/motionPictureAdaptationOfWork.en</marc:subfield>
    </marc:datafield>
    <marc:datafield tag="700" ind1="1" ind2="1">
      <marc:subfield code="a">Bruce, John</marc:subfield>
      <marc:subfield code="4">drt</marc:subfield>
      <marc:subfield code="1p">brucejohn</marc:subfield>
    </marc:datafield>
    <marc:datafield tag="700" ind1="1" ind2="1">
      <marc:subfield code="a">Gowers, Patrick</marc:subfield>
      <marc:subfield code="4">cmp</marc:subfield>
      <marc:subfield code="d">1936-2014</marc:subfield>
      <marc:subfield code="1p">gowerspatrick</marc:subfield>
    </marc:datafield>
    <marc:datafield tag="700" ind1="1" ind2="1">
      <marc:subfield code="a">Hawkesworth, John</marc:subfield>
      <marc:subfield code="4">aus</marc:subfield>
      <marc:subfield code="d">1920-2003</marc:subfield>
      <marc:subfield code="1p">hawkesworthjohn</marc:subfield>
    </marc:datafield>
    <marc:datafield tag="700" ind1="1" ind2="1">
      <marc:subfield code="a">Wyndham-Davies, June</marc:subfield>
      <marc:subfield code="4">pro</marc:subfield>
      <marc:subfield code="1p">wyndhamdaviesjune</marc:subfield>
    </marc:datafield>
    <marc:datafield tag="700" ind1="1" ind2="1">
      <marc:subfield code="a">Brett, Jeremy</marc:subfield>
      <marc:subfield code="4">act</marc:subfield>
      <marc:subfield code="d">1933-1995</marc:subfield>
      <marc:subfield code="1p">brettjeremy</marc:subfield>
    </marc:datafield>
    <marc:datafield tag="700" ind1="1" ind2="1">
      <marc:subfield code="a">Hardwicke, Edward</marc:subfield>
      <marc:subfield code="4">act</marc:subfield>
      <marc:subfield code="d">1932-2011</marc:subfield>
      <marc:subfield code="1p">hardwickeedward</marc:subfield>
    </marc:datafield>
    <marc:datafield tag="700" ind1="1" ind2="1">
      <marc:subfield code="a">Hodge, Patricia</marc:subfield>
      <marc:subfield code="4">act</marc:subfield>
      <marc:subfield code="1p">hodgepatricia</marc:subfield>
    </marc:datafield>
    <marc:datafield tag="899" ind1=" " ind2=" ">
      <marc:subfield code="j">VD/38483</marc:subfield>
    </marc:datafield>
    <marc:datafield tag="899" ind1=" " ind2=" ">
      <marc:subfield code="j">VD/38484</marc:subfield>
    </marc:datafield>
    <marc:datafield tag="899" ind1=" " ind2=" ">
      <marc:subfield code="j">VD/38485</marc:subfield>
    </marc:datafield>
  </marc:record>