
  <marc:record source="doyle.bne.national.library.xml">
    <marc:leader>01504cim a2200385 4500</marc:leader>
    <marc:controlfield tag="001">biso0000266230</marc:controlfield>
    <marc:controlfield tag="003">SpMaBN</marc:controlfield>
    <marc:controlfield tag="005">20141114055843.6</marc:controlfield>
    <marc:controlfield tag="007">sd fsngnnmmned</marc:controlfield>
    <marc:controlfield tag="008">070709s2006    sp nn| g|      f    eng  </marc:controlfield>
    <marc:datafield tag="015" ind1=" " ind2=" ">
      <marc:subfield code="a">SON06</marc:subfield>
    </marc:datafield>
    <marc:datafield tag="016" ind1="7" ind2=" ">
      <marc:subfield code="a">bisoBNE20070219305</marc:subfield>
      <marc:subfield code="2">SpMaBN</marc:subfield>
    </marc:datafield>
    <marc:datafield tag="017" ind1=" " ind2=" ">
      <marc:subfield code="a">M 53168-2006</marc:subfield>
      <marc:subfield code="b">Oficina Depósito Legal Madrid</marc:subfield>
    </marc:datafield>
    <marc:datafield tag="028" ind1="0" ind2="0">
      <marc:subfield code="a">8365</marc:subfield>
      <marc:subfield code="b">Mediasat Group</marc:subfield>
    </marc:datafield>
    <marc:datafield tag="035" ind1=" " ind2=" ">
      <marc:subfield code="a">(OCoLC)431066172</marc:subfield>
    </marc:datafield>
    <marc:datafield tag="040" ind1=" " ind2=" ">
      <marc:subfield code="a">SpMaBN</marc:subfield>
      <marc:subfield code="b">spa</marc:subfield>
      <marc:subfield code="c">SpMaBN</marc:subfield>
      <marc:subfield code="e">rdc</marc:subfield>
    </marc:datafield>
    <marc:datafield tag="084" ind1=" " ind2=" ">
      <marc:subfield code="a">12.1</marc:subfield>
      <marc:subfield code="2">MU</marc:subfield>
    </marc:datafield>
    <marc:datafield tag="100" ind1="1" ind2=" ">
      <marc:subfield code="a">Doyle, Arthur Conan</marc:subfield>
      <marc:subfield code="c">Sir</marc:subfield>
      <marc:subfield code="d">1859-1930</marc:subfield>
      <marc:subfield code="1p">http://viaf.org/viaf/65283845</marc:subfield>
    </marc:datafield>
    <marc:datafield tag="240" ind1="1" ind2="0">
      <marc:subfield code="a">The adventures of Sherlock Holmes</marc:subfield>
      <marc:subfield code="1w">http://viaf.org/viaf/186734487</marc:subfield>
      <marc:subfield code="2">generated from 245</marc:subfield>
    </marc:datafield>
    <marc:datafield tag="245" ind1="1" ind2="4">
      <marc:subfield code="a">The adventures of Sherlock Holmes</marc:subfield>
      <marc:subfield code="c">Sir Arthur Conan Doyle</marc:subfield>
      <marc:subfield code="h">[Grabación sonora]</marc:subfield>
    </marc:datafield>
    <marc:datafield tag="260" ind1=" " ind2=" ">
      <marc:subfield code="a">[Madrid</marc:subfield>
      <marc:subfield code="b">Sonopress Ibermemory]</marc:subfield>
      <marc:subfield code="c">D.L. 2006</marc:subfield>
    </marc:datafield>
    <marc:datafield tag="300" ind1=" " ind2=" ">
      <marc:subfield code="a">1 disco (CD-DA)</marc:subfield>
    </marc:datafield>
    <marc:datafield tag="511" ind1="1" ind2=" ">
      <marc:subfield code="a">Locutor: Simon Messing</marc:subfield>
    </marc:datafield>
    <marc:datafield tag="596" ind1=" " ind2=" ">
      <marc:subfield code="a">Datos de la publicación tomados de la documentación del
        D.L.</marc:subfield>
    </marc:datafield>
    <marc:datafield tag="650" ind1=" " ind2="7">
      <marc:subfield code="a">Literatura escocesa</marc:subfield>
      <marc:subfield code="y">S.XX</marc:subfield>
      <marc:subfield code="v">Grabaciones sonoras</marc:subfield>
      <marc:subfield code="2">embne</marc:subfield>
    </marc:datafield>
    <marc:datafield tag="653" ind1=" " ind2=" ">
      <marc:subfield code="a">Archivo de la palabra</marc:subfield>
    </marc:datafield>
    <marc:datafield tag="700" ind1="1" ind2=" ">
      <marc:subfield code="a">Messing, Simon</marc:subfield>
      <marc:subfield code="e">narr.</marc:subfield>
      <marc:subfield code="1p">messingsimon</marc:subfield>
    </marc:datafield>
  </marc:record>