
  <marc:record source="doyle.bne.national.library.xml">
    <marc:leader>01157nam a22003251i 4500</marc:leader>
    <marc:controlfield tag="001">bimo0000795075</marc:controlfield>
    <marc:controlfield tag="003">SpMaBN</marc:controlfield>
    <marc:controlfield tag="005">20140312013856.4</marc:controlfield>
    <marc:controlfield tag="008">900725s1980    sp                  spa  </marc:controlfield>
    <marc:datafield tag="016" ind1="7" ind2=" ">
      <marc:subfield code="a">bimoBNE19980307718</marc:subfield>
      <marc:subfield code="2">SpMaBN</marc:subfield>
    </marc:datafield>
    <marc:datafield tag="017" ind1=" " ind2=" ">
      <marc:subfield code="a">B 26227-1980</marc:subfield>
      <marc:subfield code="b">Oficina Depósito Legal Barcelona</marc:subfield>
    </marc:datafield>
    <marc:datafield tag="020" ind1=" " ind2=" ">
      <marc:subfield code="a">84-7367-133-3</marc:subfield>
    </marc:datafield>
    <marc:datafield tag="035" ind1=" " ind2=" ">
      <marc:subfield code="a">IND9100246383</marc:subfield>
    </marc:datafield>
    <marc:datafield tag="035" ind1=" " ind2=" ">
      <marc:subfield code="a">(OCoLC)431699346</marc:subfield>
    </marc:datafield>
    <marc:datafield tag="040" ind1=" " ind2=" ">
      <marc:subfield code="a">SpMaBN</marc:subfield>
      <marc:subfield code="b">spa</marc:subfield>
      <marc:subfield code="c">A2</marc:subfield>
    </marc:datafield>
    <marc:datafield tag="041" ind1="1" ind2=" ">
      <marc:subfield code="a">spa</marc:subfield>
      <marc:subfield code="h">eng</marc:subfield>
    </marc:datafield>
    <marc:datafield tag="080" ind1=" " ind2="0">
      <marc:subfield code="a">820-31"18"</marc:subfield>
    </marc:datafield>
    <marc:datafield tag="100" ind1="1" ind2=" ">
      <marc:subfield code="a">Doyle, Arthur Conan</marc:subfield>
      <marc:subfield code="c">Sir</marc:subfield>
      <marc:subfield code="d">1859-1930</marc:subfield>
      <marc:subfield code="1p">http://viaf.org/viaf/65283845</marc:subfield>
    </marc:datafield>
    <marc:datafield tag="240" ind1="1" ind2="2">
      <marc:subfield code="a">A study in scarlet</marc:subfield>
      <marc:subfield code="l">Español</marc:subfield>
      <marc:subfield code="1w">http://viaf.org/viaf/179061639</marc:subfield>
    </marc:datafield>
    <marc:datafield tag="245" ind1="1" ind2="0">
      <marc:subfield code="a">Estudio en escarlata</marc:subfield>
      <marc:subfield code="h">[Texto impreso]</marc:subfield>
      <marc:subfield code="c">[por] Sir Arthur Conan Doyle ; [traducción del inglés, Rufo G.
        Salcedo]</marc:subfield>
    </marc:datafield>
    <marc:datafield tag="260" ind1=" " ind2=" ">
      <marc:subfield code="a">Barcelona</marc:subfield>
      <marc:subfield code="b">Fontamara</marc:subfield>
      <marc:subfield code="c">1980</marc:subfield>
    </marc:datafield>
    <marc:datafield tag="300" ind1=" " ind2=" ">
      <marc:subfield code="a">126 p.</marc:subfield>
      <marc:subfield code="c">20 cm</marc:subfield>
    </marc:datafield>
    <marc:datafield tag="490" ind1="0" ind2=" ">
      <marc:subfield code="a">Colección Rutas</marc:subfield>
    </marc:datafield>
    <marc:datafield tag="700" ind1="1" ind2=" ">
      <marc:subfield code="a">Salcedo, Rufo G.</marc:subfield>
      <marc:subfield code="d">1945-</marc:subfield>
      <marc:subfield code="1p">http://viaf.org/viaf/51519824</marc:subfield>
    </marc:datafield>
  </marc:record>