
  <marc:record source="doyle.bne.national.library.xml">
    <marc:leader>01439nam a22003615b 4500</marc:leader>
    <marc:controlfield tag="001">bimo0000285763</marc:controlfield>
    <marc:controlfield tag="003">SpMaBN</marc:controlfield>
    <marc:controlfield tag="005">20140415010336.3</marc:controlfield>
    <marc:controlfield tag="008">930401s1992    sp |         |||| ||spa  </marc:controlfield>
    <marc:datafield tag="016" ind1="7" ind2=" ">
      <marc:subfield code="a">bimoBNE19930104421</marc:subfield>
      <marc:subfield code="2">SpMaBN</marc:subfield>
    </marc:datafield>
    <marc:datafield tag="017" ind1=" " ind2=" ">
      <marc:subfield code="a">B 37523-1992</marc:subfield>
      <marc:subfield code="b">Oficina Depósito Legal Barcelona</marc:subfield>
    </marc:datafield>
    <marc:datafield tag="020" ind1=" " ind2=" ">
      <marc:subfield code="a">84-272-1102-3</marc:subfield>
    </marc:datafield>
    <marc:datafield tag="035" ind1=" " ind2=" ">
      <marc:subfield code="a">(OCoLC)434796059</marc:subfield>
    </marc:datafield>
    <marc:datafield tag="040" ind1=" " ind2=" ">
      <marc:subfield code="a">SpMaBN</marc:subfield>
      <marc:subfield code="b">spa</marc:subfield>
      <marc:subfield code="c">SpMaBN</marc:subfield>
      <marc:subfield code="e">rdc</marc:subfield>
    </marc:datafield>
    <marc:datafield tag="041" ind1="1" ind2=" ">
      <marc:subfield code="a">spa</marc:subfield>
      <marc:subfield code="h">eng</marc:subfield>
    </marc:datafield>
    <marc:datafield tag="080" ind1=" " ind2="0">
      <marc:subfield code="a">820-31"18"</marc:subfield>
    </marc:datafield>
    <marc:datafield tag="100" ind1="1" ind2=" ">
      <marc:subfield code="a">Doyle, Arthur Conan</marc:subfield>
      <marc:subfield code="c">Sir</marc:subfield>
      <marc:subfield code="d">1859-1930</marc:subfield>
      <marc:subfield code="1p">http://viaf.org/viaf/65283845</marc:subfield>
    </marc:datafield>
    <marc:datafield tag="240" ind1="1" ind2="0">
      <marc:subfield code="a">The adventures of Sherlock Holmes</marc:subfield>
      <marc:subfield code="l">Español</marc:subfield>
      <marc:subfield code="1w">http://viaf.org/viaf/186734487</marc:subfield>
    </marc:datafield>
    <marc:datafield tag="245" ind1="1" ind2="0">
      <marc:subfield code="a">Más aventuras de Sherlock Holmes</marc:subfield>
      <marc:subfield code="h">[Texto impreso]</marc:subfield>
      <marc:subfield code="c">Sir Arthur Conan Doyle ; [traducción, Esteban Riambau
        Saurí]</marc:subfield>
    </marc:datafield>
    <marc:datafield tag="260" ind1=" " ind2=" ">
      <marc:subfield code="a">Madrid</marc:subfield>
      <marc:subfield code="b">Molino</marc:subfield>
      <marc:subfield code="c">D.L. 1992</marc:subfield>
    </marc:datafield>
    <marc:datafield tag="300" ind1=" " ind2=" ">
      <marc:subfield code="a">232 p.</marc:subfield>
      <marc:subfield code="c">20 cm</marc:subfield>
    </marc:datafield>
    <marc:datafield tag="490" ind1="1" ind2=" ">
      <marc:subfield code="a">Sherlock Holmes</marc:subfield>
      <marc:subfield code="v">12</marc:subfield>
    </marc:datafield>
    <marc:datafield tag="594" ind1=" " ind2=" ">
      <marc:subfield code="a">Traducción de: Adventures of Sherlock Holmes</marc:subfield>
    </marc:datafield>
    <marc:datafield tag="700" ind1="1" ind2=" ">
      <marc:subfield code="a">Riambau, Esteve</marc:subfield>
      <marc:subfield code="d">1925-1994</marc:subfield>
      <marc:subfield code="1p">riambauesteve</marc:subfield>
    </marc:datafield>
    <marc:datafield tag="800" ind1="0" ind2=" ">
      <marc:subfield code="a">Doyle, Arthur Conan</marc:subfield>
      <marc:subfield code="c">Sir</marc:subfield>
      <marc:subfield code="d">1859-1930</marc:subfield>
      <marc:subfield code="t">Sherlock Holmes</marc:subfield>
      <marc:subfield code="v">12</marc:subfield>
      <marc:subfield code="1p">http://viaf.org/viaf/65283845</marc:subfield>
      <marc:subfield code="1w">http://viaf.org/viaf/174141344</marc:subfield>
    </marc:datafield>
  </marc:record>