
  <marc:record source="doyle.bne.national.library.xml">
    <marc:leader>02528ngm a2200529 c 4500</marc:leader>
    <marc:controlfield tag="001">a6334050</marc:controlfield>
    <marc:controlfield tag="003">SpMaBN</marc:controlfield>
    <marc:controlfield tag="005">20181019134921.6</marc:controlfield>
    <marc:controlfield tag="007">vd*csaizs</marc:controlfield>
    <marc:controlfield tag="008">181016s2015    sp 087 g      q   vlspa  </marc:controlfield>
    <marc:datafield tag="015" ind1=" " ind2=" ">
      <marc:subfield code="a">VD15</marc:subfield>
    </marc:datafield>
    <marc:datafield tag="017" ind1=" " ind2=" ">
      <marc:subfield code="a">B 21703-2015</marc:subfield>
      <marc:subfield code="b">Oficina Depósito Legal Barcelona</marc:subfield>
    </marc:datafield>
    <marc:datafield tag="024" ind1="3" ind2=" ">
      <marc:subfield code="a">8436022323216</marc:subfield>
    </marc:datafield>
    <marc:datafield tag="028" ind1="4" ind2="0">
      <marc:subfield code="a">LL2823</marc:subfield>
      <marc:subfield code="b">Cinema International Media</marc:subfield>
    </marc:datafield>
    <marc:datafield tag="035" ind1=" " ind2=" ">
      <marc:subfield code="a">(OCoLC)1061827066</marc:subfield>
    </marc:datafield>
    <marc:datafield tag="040" ind1=" " ind2=" ">
      <marc:subfield code="a">SpMaBN</marc:subfield>
      <marc:subfield code="b">spa</marc:subfield>
      <marc:subfield code="c">SpMaBN</marc:subfield>
      <marc:subfield code="e">rdc</marc:subfield>
    </marc:datafield>
    <marc:datafield tag="041" ind1="1" ind2=" ">
      <marc:subfield code="a">spa</marc:subfield>
      <marc:subfield code="a">eng</marc:subfield>
      <marc:subfield code="h">eng</marc:subfield>
      <marc:subfield code="j">spa</marc:subfield>
    </marc:datafield>
    <marc:datafield tag="084" ind1=" " ind2=" ">
      <marc:subfield code="a">1</marc:subfield>
      <marc:subfield code="2">VD</marc:subfield>
    </marc:datafield>
    <marc:datafield tag="130" ind1="4" ind2=" ">
      <marc:subfield code="a">The hound of the Baskervilles (Película cinematográfica :
        1959)</marc:subfield>
      <marc:subfield code="l">Español-Inglés</marc:subfield>
    </marc:datafield>
    <marc:datafield tag="245" ind1="1" ind2="3">
      <marc:subfield code="a">El perro de Baskervilles =</marc:subfield>
      <marc:subfield code="b">The hound of the Baskervilles</marc:subfield>
      <marc:subfield code="c">directed by Terence Fisher ; produced by Anthony Hinds ; screenplay by
        Peter Bryan ; director of photography, Jack Asher ; music composed by James
        Bernard</marc:subfield>
    </marc:datafield>
    <marc:datafield tag="260" ind1=" " ind2=" ">
      <marc:subfield code="a">[Barcelona?]</marc:subfield>
      <marc:subfield code="b">Cinema International Media</marc:subfield>
      <marc:subfield code="c">D.L. 2015</marc:subfield>
    </marc:datafield>
    <marc:datafield tag="300" ind1=" " ind2=" ">
      <marc:subfield code="a">1 Blu-ray (ca. 87 min)</marc:subfield>
      <marc:subfield code="b">son., col.</marc:subfield>
    </marc:datafield>
    <marc:datafield tag="336" ind1=" " ind2=" ">
      <marc:subfield code="a">Imagen (en movimiento ; bidimensional)</marc:subfield>
      <marc:subfield code="2">isbdcontent</marc:subfield>
    </marc:datafield>
    <marc:datafield tag="337" ind1=" " ind2=" ">
      <marc:subfield code="a">vídeo</marc:subfield>
      <marc:subfield code="2">isbdmedia</marc:subfield>
    </marc:datafield>
    <marc:datafield tag="500" ind1=" " ind2=" ">
      <marc:subfield code="a">Basada en la novela de Arthur Conan Doyle</marc:subfield>
    </marc:datafield>
    <marc:datafield tag="511" ind1="1" ind2=" ">
      <marc:subfield code="a">Peter Cushing, Andre Morell, Christopher Lee</marc:subfield>
    </marc:datafield>
    <marc:datafield tag="518" ind1=" " ind2=" ">
      <marc:subfield code="a">Largometraje producido en Reino Unido en 1959</marc:subfield>
    </marc:datafield>
    <marc:datafield tag="520" ind1="3" ind2=" ">
      <marc:subfield code="a">Charles, el último descendiente del linaje de los Baskerville, ha
        muerto en extrañas circunstancias, por eso Sir Henry decide regresar a la vieja mansión
        familiar. El carismático detective Sherlock Holmes y su fiel ayudante, el doctor Watson,
        investigarán el misterioso caso</marc:subfield>
    </marc:datafield>
    <marc:datafield tag="521" ind1=" " ind2=" ">
      <marc:subfield code="a">Apta para todos los públicos</marc:subfield>
    </marc:datafield>
    <marc:datafield tag="538" ind1=" " ind2=" ">
      <marc:subfield code="a">Formato de película 1.66:1</marc:subfield>
    </marc:datafield>
    <marc:datafield tag="538" ind1=" " ind2=" ">
      <marc:subfield code="a">Formato de pantalla 4:3</marc:subfield>
    </marc:datafield>
    <marc:datafield tag="538" ind1=" " ind2=" ">
      <marc:subfield code="a">Formato de sonido Dolby Digital 2.0</marc:subfield>
    </marc:datafield>
    <marc:datafield tag="546" ind1=" " ind2=" ">
      <marc:subfield code="a">Versiones en español e inglés, con subtítulos opcionales en
        español</marc:subfield>
    </marc:datafield>
    <marc:datafield tag="655" ind1=" " ind2="7">
      <marc:subfield code="a">Cine de terror</marc:subfield>
      <marc:subfield code="2">tgfbne</marc:subfield>
    </marc:datafield>
    <marc:datafield tag="655" ind1=" " ind2="7">
      <marc:subfield code="a">Cine de suspense</marc:subfield>
      <marc:subfield code="2">tgfbne</marc:subfield>
    </marc:datafield>
    <marc:datafield tag="700" ind1="1" ind2=" ">
      <marc:subfield code="a">Fisher, Terence</marc:subfield>
      <marc:subfield code="d">1904-1980</marc:subfield>
      <marc:subfield code="e">director de cine</marc:subfield>
      <marc:subfield code="4">fmd</marc:subfield>
      <marc:subfield code="1p">fisherterence</marc:subfield>
    </marc:datafield>
    <marc:datafield tag="700" ind1="1" ind2=" ">
      <marc:subfield code="a">Hinds, Anthony</marc:subfield>
      <marc:subfield code="d">1922-2013</marc:subfield>
      <marc:subfield code="e">productor</marc:subfield>
      <marc:subfield code="4">pro</marc:subfield>
      <marc:subfield code="1p">hindsanthony</marc:subfield>
    </marc:datafield>
    <marc:datafield tag="700" ind1="1" ind2=" ">
      <marc:subfield code="a">Bryan, Peter</marc:subfield>
      <marc:subfield code="c">(guionista)</marc:subfield>
      <marc:subfield code="e">guionista</marc:subfield>
      <marc:subfield code="4">aus</marc:subfield>
      <marc:subfield code="1p">bryanpeter</marc:subfield>
    </marc:datafield>
    <marc:datafield tag="700" ind1="1" ind2=" ">
      <marc:subfield code="a">Asher, Jack</marc:subfield>
      <marc:subfield code="d">1916-1991</marc:subfield>
      <marc:subfield code="e">director de fotografía</marc:subfield>
      <marc:subfield code="4">cng</marc:subfield>
      <marc:subfield code="1p">asherjack</marc:subfield>
    </marc:datafield>
    <marc:datafield tag="700" ind1="1" ind2=" ">
      <marc:subfield code="a">Bernard, James</marc:subfield>
      <marc:subfield code="d">1925-2001</marc:subfield>
      <marc:subfield code="e">compositor</marc:subfield>
      <marc:subfield code="4">cmp</marc:subfield>
      <marc:subfield code="1p">bernardjames</marc:subfield>
    </marc:datafield>
    <marc:datafield tag="700" ind1="1" ind2=" ">
      <marc:subfield code="a">Doyle, Arthur Conan</marc:subfield>
      <marc:subfield code="c">Sir</marc:subfield>
      <marc:subfield code="d">1859-1930</marc:subfield>
      <marc:subfield code="t">The hound of the Baskervilles</marc:subfield>
      <marc:subfield code="e">idea original</marc:subfield>
      <marc:subfield code="4">ccp</marc:subfield>
      <marc:subfield code="1p">http://viaf.org/viaf/65283845</marc:subfield>
      <marc:subfield code="1w">http://viaf.org/viaf/181625655</marc:subfield>
    </marc:datafield>
    <marc:datafield tag="700" ind1="1" ind2=" ">
      <marc:subfield code="a">Cushing, Peter</marc:subfield>
      <marc:subfield code="d">1913-1994</marc:subfield>
      <marc:subfield code="e">actor</marc:subfield>
      <marc:subfield code="4">act</marc:subfield>
      <marc:subfield code="1p">cushingpeter</marc:subfield>
    </marc:datafield>
    <marc:datafield tag="700" ind1="1" ind2=" ">
      <marc:subfield code="a">Morell, André</marc:subfield>
      <marc:subfield code="d">1909-1978</marc:subfield>
      <marc:subfield code="e">actor</marc:subfield>
      <marc:subfield code="4">act</marc:subfield>
      <marc:subfield code="1p">morellandr</marc:subfield>
    </marc:datafield>
    <marc:datafield tag="700" ind1="1" ind2=" ">
      <marc:subfield code="a">Lee, Christopher</marc:subfield>
      <marc:subfield code="d">1922-2015</marc:subfield>
      <marc:subfield code="e">actor</marc:subfield>
      <marc:subfield code="4">act</marc:subfield>
      <marc:subfield code="1p">leechristopher</marc:subfield>
    </marc:datafield>
  </marc:record>