
  <marc:record source="doyle.bne.national.library.xml">
    <marc:leader>02122ngm a2200529 4500</marc:leader>
    <marc:controlfield tag="001">bivi0000006744</marc:controlfield>
    <marc:controlfield tag="003">SpMaBN</marc:controlfield>
    <marc:controlfield tag="005">20180106025643.7</marc:controlfield>
    <marc:controlfield tag="007">vfrcbahzs</marc:controlfield>
    <marc:controlfield tag="008">980504s1997    sp 100 g         1vlspa  </marc:controlfield>
    <marc:datafield tag="015" ind1=" " ind2=" ">
      <marc:subfield code="a">VD97</marc:subfield>
    </marc:datafield>
    <marc:datafield tag="016" ind1="7" ind2=" ">
      <marc:subfield code="a">biviBNE19980014599</marc:subfield>
      <marc:subfield code="2">SpMaBN</marc:subfield>
    </marc:datafield>
    <marc:datafield tag="017" ind1=" " ind2=" ">
      <marc:subfield code="a">B 3762-1997</marc:subfield>
      <marc:subfield code="b">Oficina Depósito Legal Barcelona</marc:subfield>
    </marc:datafield>
    <marc:datafield tag="035" ind1=" " ind2=" ">
      <marc:subfield code="a">(OCoLC)733213668</marc:subfield>
    </marc:datafield>
    <marc:datafield tag="040" ind1=" " ind2=" ">
      <marc:subfield code="a">SpMaBN</marc:subfield>
      <marc:subfield code="b">spa</marc:subfield>
      <marc:subfield code="c">SpMaBN</marc:subfield>
      <marc:subfield code="e">rdc</marc:subfield>
    </marc:datafield>
    <marc:datafield tag="041" ind1="1" ind2=" ">
      <marc:subfield code="a">spa</marc:subfield>
      <marc:subfield code="d">eng</marc:subfield>
    </marc:datafield>
    <marc:datafield tag="084" ind1=" " ind2=" ">
      <marc:subfield code="a">1</marc:subfield>
      <marc:subfield code="2">VD</marc:subfield>
    </marc:datafield>
    <marc:datafield tag="130" ind1="4" ind2="0">
      <marc:subfield code="a">The hound of the Baskervilles (Película cinematográfica :
        1959)</marc:subfield>
      <marc:subfield code="l">Español</marc:subfield>
    </marc:datafield>
    <marc:datafield tag="245" ind1="1" ind2="3">
      <marc:subfield code="a">El perro de los Baskerville</marc:subfield>
      <marc:subfield code="h">[Videograbación] =</marc:subfield>
      <marc:subfield code="b">The hound of the Baskervilles</marc:subfield>
      <marc:subfield code="c">director, Peter Hammond ; productor, Brian Mills ; guión, T.R. Bowen ;
        música, Patrick Gowers ; adaptación para televisión, John Hawkesworth</marc:subfield>
    </marc:datafield>
    <marc:datafield tag="260" ind1="0" ind2=" ">
      <marc:subfield code="a">[Barcelona]</marc:subfield>
      <marc:subfield code="b">Planeta-De Agostini</marc:subfield>
      <marc:subfield code="c">D.L. 1997</marc:subfield>
    </marc:datafield>
    <marc:datafield tag="300" ind1=" " ind2=" ">
      <marc:subfield code="a">1 videocasete (VHS) (100 min)</marc:subfield>
      <marc:subfield code="b">son., col.</marc:subfield>
    </marc:datafield>
    <marc:datafield tag="440" ind1=" " ind2="0">
      <marc:subfield code="a">Sherlock Holmes (Planeta-Agostini)</marc:subfield>
    </marc:datafield>
    <marc:datafield tag="500" ind1=" " ind2=" ">
      <marc:subfield code="a">Adaptación de la obra_de Sir Arthur Conan Doyle</marc:subfield>
    </marc:datafield>
    <marc:datafield tag="511" ind1="1" ind2=" ">
      <marc:subfield code="a">Jeremy Brett, Edward Hardwicke, Kristoffer Tabori,
        etc.</marc:subfield>
    </marc:datafield>
    <marc:datafield tag="521" ind1=" " ind2=" ">
      <marc:subfield code="a">Autorizada para todos los públicos</marc:subfield>
    </marc:datafield>
    <marc:datafield tag="546" ind1=" " ind2=" ">
      <marc:subfield code="a">Doblada en español</marc:subfield>
    </marc:datafield>
    <marc:datafield tag="597" ind1=" " ind2=" ">
      <marc:subfield code="a">Sistema de grabación del color PAL</marc:subfield>
    </marc:datafield>
    <marc:datafield tag="700" ind1="1" ind2="1">
      <marc:subfield code="a">Doyle, Arthur Conan</marc:subfield>
      <marc:subfield code="c">Sir</marc:subfield>
      <marc:subfield code="d">1859-1930</marc:subfield>
      <marc:subfield code="t">The hound of the Baskervilles</marc:subfield>
      <marc:subfield code="1p">http://viaf.org/viaf/65283845</marc:subfield>
      <marc:subfield code="1w">http://viaf.org/viaf/181625655</marc:subfield>
      <marc:subfield code="4">http://rdaregistry.info/Elements/w/motionPictureAdaptationOfWork.en</marc:subfield>
    </marc:datafield>
    <marc:datafield tag="700" ind1="1" ind2="1">
      <marc:subfield code="a">Hammond, Peter</marc:subfield>
      <marc:subfield code="4">drt</marc:subfield>
      <marc:subfield code="1p">hammondpeter</marc:subfield>
    </marc:datafield>
    <marc:datafield tag="700" ind1="1" ind2="1">
      <marc:subfield code="a">Mills, Brian</marc:subfield>
      <marc:subfield code="4">pro</marc:subfield>
      <marc:subfield code="1p">millsbrian</marc:subfield>
    </marc:datafield>
    <marc:datafield tag="700" ind1="1" ind2="1">
      <marc:subfield code="a">Bowen, T.R.</marc:subfield>
      <marc:subfield code="4">aus</marc:subfield>
      <marc:subfield code="d">1942-</marc:subfield>
      <marc:subfield code="1p">bowentr</marc:subfield>
    </marc:datafield>
    <marc:datafield tag="700" ind1="1" ind2="1">
      <marc:subfield code="a">Gowers, Patrick</marc:subfield>
      <marc:subfield code="4">cmp</marc:subfield>
      <marc:subfield code="d">1936-2014</marc:subfield>
      <marc:subfield code="1p">gowerspatrick</marc:subfield>
    </marc:datafield>
    <marc:datafield tag="700" ind1="1" ind2="1">
      <marc:subfield code="a">Hawkesworth, John</marc:subfield>
      <marc:subfield code="4">aus</marc:subfield>
      <marc:subfield code="d">1920-2003</marc:subfield>
      <marc:subfield code="1p">hawkesworthjohn</marc:subfield>
    </marc:datafield>
    <marc:datafield tag="700" ind1="1" ind2="1">
      <marc:subfield code="a">Brett, Jeremy</marc:subfield>
      <marc:subfield code="4">act</marc:subfield>
      <marc:subfield code="d">1933-1995</marc:subfield>
      <marc:subfield code="1p">brettjeremy</marc:subfield>
    </marc:datafield>
    <marc:datafield tag="700" ind1="1" ind2="1">
      <marc:subfield code="a">Hardwicke, Edward</marc:subfield>
      <marc:subfield code="4">act</marc:subfield>
      <marc:subfield code="d">1932-2011</marc:subfield>
      <marc:subfield code="1p">hardwickeedward</marc:subfield>
    </marc:datafield>
    <marc:datafield tag="700" ind1="1" ind2="1">
      <marc:subfield code="a">Tabori, Kristoffer</marc:subfield>
      <marc:subfield code="4">act</marc:subfield>
      <marc:subfield code="d">1952-</marc:subfield>
      <marc:subfield code="1p">taborikristoffer</marc:subfield>
    </marc:datafield>
    <marc:datafield tag="899" ind1=" " ind2=" ">
      <marc:subfield code="j">VD/35677</marc:subfield>
    </marc:datafield>
    <marc:datafield tag="899" ind1=" " ind2=" ">
      <marc:subfield code="j">VD/35678</marc:subfield>
    </marc:datafield>
    <marc:datafield tag="899" ind1=" " ind2=" ">
      <marc:subfield code="j">VD/35679</marc:subfield>
    </marc:datafield>
  </marc:record>