
  <marc:record source="doyle.bne.national.library.xml">
    <marc:leader>00789nam a22002171 4500</marc:leader>
    <marc:controlfield tag="001">bimo0001748468</marc:controlfield>
    <marc:controlfield tag="003">SpMaBN</marc:controlfield>
    <marc:controlfield tag="005">20020112000000.7</marc:controlfield>
    <marc:controlfield tag="008">011112n        gw                  eng  </marc:controlfield>
    <marc:datafield tag="016" ind1="7" ind2=" ">
      <marc:subfield code="a">bimoBNE20020054672</marc:subfield>
      <marc:subfield code="z">HAB2001028654</marc:subfield>
      <marc:subfield code="2">SpMaBN</marc:subfield>
    </marc:datafield>
    <marc:datafield tag="035" ind1=" " ind2=" ">
      <marc:subfield code="a">(OCoLC)432812317</marc:subfield>
    </marc:datafield>
    <marc:datafield tag="040" ind1=" " ind2=" ">
      <marc:subfield code="a">SpMaBN</marc:subfield>
      <marc:subfield code="b">spa</marc:subfield>
      <marc:subfield code="c">CDM</marc:subfield>
    </marc:datafield>
    <marc:datafield tag="100" ind1="1" ind2=" ">
      <marc:subfield code="a">Doyle, Arthur Conan</marc:subfield>
      <marc:subfield code="c">Sir</marc:subfield>
      <marc:subfield code="d">1859-1930</marc:subfield>
      <marc:subfield code="1p">http://viaf.org/viaf/65283845</marc:subfield>
    </marc:datafield>
    <marc:datafield tag="240" ind1="1" ind2="0">
      <marc:subfield code="a">Round the Red Lamp</marc:subfield>
      <marc:subfield code="1w">http://www.wikidata.org/entity/Q3492113</marc:subfield>
      <marc:subfield code="2">generated from 245</marc:subfield>
    </marc:datafield>
    <marc:datafield tag="245" ind1="1" ind2="0">
      <marc:subfield code="a">Round the red lamp</marc:subfield>
      <marc:subfield code="h">[Texto impreso] :</marc:subfield>
      <marc:subfield code="b">being facts and fancies of medical life</marc:subfield>
      <marc:subfield code="c">by A. Conan Doyle</marc:subfield>
    </marc:datafield>
    <marc:datafield tag="260" ind1=" " ind2=" ">
      <marc:subfield code="a">Leipzig</marc:subfield>
      <marc:subfield code="b">Bernhard Tauchnitz</marc:subfield>
      <marc:subfield code="c">[s.a.]</marc:subfield>
    </marc:datafield>
    <marc:datafield tag="300" ind1=" " ind2=" ">
      <marc:subfield code="a">286 p., 1 h.</marc:subfield>
      <marc:subfield code="c">8º mlla. (16 cm)</marc:subfield>
    </marc:datafield>
    <marc:datafield tag="490" ind1="0" ind2=" ">
      <marc:subfield code="a">Collection of British Authors</marc:subfield>
      <marc:subfield code="v">3040</marc:subfield>
    </marc:datafield>
  </marc:record>