
  <marc:record source="doyle.bne.national.library.xml">
    <marc:leader>02428nam a2200481 b 4500</marc:leader>
    <marc:controlfield tag="001">bimo0002051427</marc:controlfield>
    <marc:controlfield tag="003">SpMaBN</marc:controlfield>
    <marc:controlfield tag="005">20160413100453.4</marc:controlfield>
    <marc:controlfield tag="008">050922s2005    sp |          ||| ||spa  </marc:controlfield>
    <marc:datafield tag="016" ind1="7" ind2=" ">
      <marc:subfield code="a">bimoBNE20050577582</marc:subfield>
      <marc:subfield code="2">SpMaBN</marc:subfield>
    </marc:datafield>
    <marc:datafield tag="017" ind1=" " ind2=" ">
      <marc:subfield code="a">M 32803-2005</marc:subfield>
      <marc:subfield code="b">Oficina Depósito Legal Madrid</marc:subfield>
    </marc:datafield>
    <marc:datafield tag="020" ind1=" " ind2=" ">
      <marc:subfield code="a">84-670-1963-8</marc:subfield>
    </marc:datafield>
    <marc:datafield tag="035" ind1=" " ind2=" ">
      <marc:subfield code="a">(OCoLC)63696247</marc:subfield>
    </marc:datafield>
    <marc:datafield tag="040" ind1=" " ind2=" ">
      <marc:subfield code="a">SpMaBN</marc:subfield>
      <marc:subfield code="b">spa</marc:subfield>
      <marc:subfield code="c">SpMaBN</marc:subfield>
      <marc:subfield code="e">rdc</marc:subfield>
    </marc:datafield>
    <marc:datafield tag="041" ind1="1" ind2=" ">
      <marc:subfield code="a">spa</marc:subfield>
      <marc:subfield code="h">eng</marc:subfield>
    </marc:datafield>
    <marc:datafield tag="080" ind1=" " ind2="0">
      <marc:subfield code="a">821.111-31"18"</marc:subfield>
    </marc:datafield>
    <marc:datafield tag="100" ind1="1" ind2=" ">
      <marc:subfield code="a">Doyle, Arthur Conan</marc:subfield>
      <marc:subfield code="c">Sir</marc:subfield>
      <marc:subfield code="d">1859-1930</marc:subfield>
      <marc:subfield code="1p">http://viaf.org/viaf/65283845</marc:subfield>
    </marc:datafield>
    <marc:datafield tag="240" ind1="1" ind2="4">
      <marc:subfield code="a">The hound of the Baskervilles</marc:subfield>
      <marc:subfield code="l">Español</marc:subfield>
      <marc:subfield code="1w">http://viaf.org/viaf/181625655</marc:subfield>
    </marc:datafield>
    <marc:datafield tag="245" ind1="1" ind2="3">
      <marc:subfield code="a">El perro de los Baskerville</marc:subfield>
      <marc:subfield code="h">[Texto impreso]</marc:subfield>
      <marc:subfield code="c">Arthur Conan Doyle ; introducción, Fernando Martínez Laínez ;
        [traducción, Lourdes Huanqui]</marc:subfield>
    </marc:datafield>
    <marc:datafield tag="260" ind1=" " ind2=" ">
      <marc:subfield code="a">Pozuelo de Alarcón (Madrid)</marc:subfield>
      <marc:subfield code="b">Espasa Calpe</marc:subfield>
      <marc:subfield code="c">[2005]</marc:subfield>
    </marc:datafield>
    <marc:datafield tag="300" ind1=" " ind2=" ">
      <marc:subfield code="a">206 p.</marc:subfield>
      <marc:subfield code="c">18 cm</marc:subfield>
    </marc:datafield>
    <marc:datafield tag="490" ind1="1" ind2=" ">
      <marc:subfield code="a">Colección austral</marc:subfield>
      <marc:subfield code="v">565</marc:subfield>
    </marc:datafield>
    <marc:datafield tag="594" ind1=" " ind2=" ">
      <marc:subfield code="a">Traducción de: The hound of the Baskervilles</marc:subfield>
    </marc:datafield>
    <marc:datafield tag="700" ind1="1" ind2=" ">
      <marc:subfield code="a">Huanqui, Lourdes</marc:subfield>
      <marc:subfield code="1p">huanquilourdes</marc:subfield>
    </marc:datafield>
    <marc:datafield tag="830" ind1=" " ind2="0">
      <marc:subfield code="a">Colección austral (1987)</marc:subfield>
      <marc:subfield code="v">565</marc:subfield>
    </marc:datafield>
  </marc:record>