
  <marc:record source="doyle.bne.national.library.xml">
    <marc:leader>01134nam a2200325 c 4500</marc:leader>
    <marc:controlfield tag="001">a5495559</marc:controlfield>
    <marc:controlfield tag="003">SpMaBN</marc:controlfield>
    <marc:controlfield tag="005">20160722150434.6</marc:controlfield>
    <marc:controlfield tag="008">140512s2014    sp a   | |||| 000 1 spa  </marc:controlfield>
    <marc:datafield tag="015" ind1=" " ind2=" ">
      <marc:subfield code="a">MON1405</marc:subfield>
    </marc:datafield>
    <marc:datafield tag="017" ind1=" " ind2=" ">
      <marc:subfield code="a">M 5173-2014</marc:subfield>
      <marc:subfield code="b">Oficina Depósito Legal Madrid</marc:subfield>
    </marc:datafield>
    <marc:datafield tag="020" ind1=" " ind2=" ">
      <marc:subfield code="a">978-84-678-6094-8</marc:subfield>
    </marc:datafield>
    <marc:datafield tag="035" ind1=" " ind2=" ">
      <marc:subfield code="a">(OCoLC)881213289</marc:subfield>
    </marc:datafield>
    <marc:datafield tag="040" ind1=" " ind2=" ">
      <marc:subfield code="a">SpMaBN</marc:subfield>
      <marc:subfield code="b">spa</marc:subfield>
      <marc:subfield code="c">SpMaBN</marc:subfield>
      <marc:subfield code="e">rdc</marc:subfield>
    </marc:datafield>
    <marc:datafield tag="080" ind1=" " ind2=" ">
      <marc:subfield code="a">087.5:82</marc:subfield>
    </marc:datafield>
    <marc:datafield tag="100" ind1="1" ind2=" ">
      <marc:subfield code="a">Íñiguez Barrena, María Lourdes</marc:subfield>
      <marc:subfield code="4">aut</marc:subfield>
      <marc:subfield code="1p">iguezbarrenamaralourdes</marc:subfield>
    </marc:datafield>
    <marc:datafield tag="245" ind1="1" ind2="0">
      <marc:subfield code="a">Estudio en escarlata</marc:subfield>
      <marc:subfield code="c">Arthur Conan Doyle ; adaptación de Lourdes Íñiguez ; ilustraciones de
        Luisa Vera</marc:subfield>
    </marc:datafield>
    <marc:datafield tag="250" ind1=" " ind2=" ">
      <marc:subfield code="a">1ª ed.</marc:subfield>
    </marc:datafield>
    <marc:datafield tag="260" ind1=" " ind2=" ">
      <marc:subfield code="a">Madrid</marc:subfield>
      <marc:subfield code="b">Anaya</marc:subfield>
      <marc:subfield code="c">2014</marc:subfield>
    </marc:datafield>
    <marc:datafield tag="300" ind1=" " ind2=" ">
      <marc:subfield code="a">157 p.</marc:subfield>
      <marc:subfield code="b">il. col.</marc:subfield>
      <marc:subfield code="c">24 cm</marc:subfield>
    </marc:datafield>
    <marc:datafield tag="336" ind1=" " ind2=" ">
      <marc:subfield code="a">Texto (visual)</marc:subfield>
      <marc:subfield code="2">isbdcontent</marc:subfield>
    </marc:datafield>
    <marc:datafield tag="337" ind1=" " ind2=" ">
      <marc:subfield code="a">sin mediación</marc:subfield>
      <marc:subfield code="2">isbdmedia</marc:subfield>
    </marc:datafield>
    <marc:datafield tag="490" ind1="0" ind2=" ">
      <marc:subfield code="a">Clásicos a medida</marc:subfield>
    </marc:datafield>
    <marc:datafield tag="594" ind1=" " ind2=" ">
      <marc:subfield code="a">Adaptación de: A study in scarlet / Arthur Conan Doyle</marc:subfield>
    </marc:datafield>
    <marc:datafield tag="700" ind1="1" ind2=" ">
      <marc:subfield code="a">Doyle, Arthur Conan</marc:subfield>
      <marc:subfield code="c">Sir</marc:subfield>
      <marc:subfield code="d">1859-1930</marc:subfield>
      <marc:subfield code="t">A study in scarlet</marc:subfield>
      <marc:subfield code="1p">http://viaf.org/viaf/65283845</marc:subfield>
      <marc:subfield code="1w">http://viaf.org/viaf/179061639</marc:subfield>
      <marc:subfield code="4">http://rdaregistry.info/Elements/w/adaptationOfWork.en</marc:subfield>
    </marc:datafield>
    <marc:datafield tag="700" ind1="1" ind2=" ">
      <marc:subfield code="a">Vera Guardiola, Luisa</marc:subfield>
      <marc:subfield code="e">ilustrador</marc:subfield>
      <marc:subfield code="4">ill</marc:subfield>
      <marc:subfield code="1p">veraguardiolaluisa</marc:subfield>
    </marc:datafield>
  </marc:record>