
  <marc:record source="doyle.bne.national.library.xml">
    <marc:leader>02023ngm a2200445 4500</marc:leader>
    <marc:controlfield tag="001">bivi0000002239</marc:controlfield>
    <marc:controlfield tag="003">SpMaBN</marc:controlfield>
    <marc:controlfield tag="005">20180106025643.7</marc:controlfield>
    <marc:controlfield tag="007">vf*caahzs</marc:controlfield>
    <marc:controlfield tag="008">901001s1986    sp 102 g         1  spa  </marc:controlfield>
    <marc:datafield tag="015" ind1=" " ind2=" ">
      <marc:subfield code="a">VD86</marc:subfield>
    </marc:datafield>
    <marc:datafield tag="016" ind1="7" ind2=" ">
      <marc:subfield code="a">biviBNE19960016344</marc:subfield>
      <marc:subfield code="z">BN505902</marc:subfield>
      <marc:subfield code="2">SpMaBN</marc:subfield>
    </marc:datafield>
    <marc:datafield tag="017" ind1=" " ind2=" ">
      <marc:subfield code="a">M 1930-1986</marc:subfield>
      <marc:subfield code="b">Oficina Depósito Legal Madrid</marc:subfield>
    </marc:datafield>
    <marc:datafield tag="028" ind1="4" ind2="0">
      <marc:subfield code="a">625</marc:subfield>
      <marc:subfield code="b">Video Movies Internacional</marc:subfield>
    </marc:datafield>
    <marc:datafield tag="035" ind1=" " ind2=" ">
      <marc:subfield code="a">(OCoLC)434670327</marc:subfield>
    </marc:datafield>
    <marc:datafield tag="040" ind1=" " ind2=" ">
      <marc:subfield code="a">SpMaBN</marc:subfield>
      <marc:subfield code="b">spa</marc:subfield>
      <marc:subfield code="c">A2</marc:subfield>
      <marc:subfield code="d">SpMaBN</marc:subfield>
    </marc:datafield>
    <marc:datafield tag="041" ind1="1" ind2=" ">
      <marc:subfield code="a">spa</marc:subfield>
      <marc:subfield code="d">eng</marc:subfield>
    </marc:datafield>
    <marc:datafield tag="130" ind1="4" ind2=" ">
      <marc:subfield code="a">The hound of the Baskervilles (Película cinematográfica :
        1959)</marc:subfield>
      <marc:subfield code="l">Español</marc:subfield>
    </marc:datafield>
    <marc:datafield tag="245" ind1="1" ind2="3">
      <marc:subfield code="a">El perro de Baskerville</marc:subfield>
      <marc:subfield code="h">[Videograbación] =</marc:subfield>
      <marc:subfield code="b">The hound of the Baskerville</marc:subfield>
      <marc:subfield code="c">directed by Douglas Hickox ; music composed and conducted by Michael
        J. Lewis ; [produced by Otto Plaschkes]</marc:subfield>
    </marc:datafield>
    <marc:datafield tag="260" ind1=" " ind2=" ">
      <marc:subfield code="a">Pamplona</marc:subfield>
      <marc:subfield code="b">Video Movies Internacional</marc:subfield>
      <marc:subfield code="b">IVS (Internacional Vídeo Sistemas)</marc:subfield>
      <marc:subfield code="c">D.L. 1986</marc:subfield>
    </marc:datafield>
    <marc:datafield tag="300" ind1=" " ind2=" ">
      <marc:subfield code="a">1 videocasete (Beta) (102 min)</marc:subfield>
      <marc:subfield code="b">son., col.</marc:subfield>
    </marc:datafield>
    <marc:datafield tag="500" ind1=" " ind2=" ">
      <marc:subfield code="a">Guión basado en la novela "The hound of the Baskervilles" de Arthur
        Conan Doyle</marc:subfield>
    </marc:datafield>
    <marc:datafield tag="511" ind1="1" ind2=" ">
      <marc:subfield code="a">Ian Richardson, Donald Churchill, Denholm Elliot [sic]</marc:subfield>
    </marc:datafield>
    <marc:datafield tag="518" ind1=" " ind2=" ">
      <marc:subfield code="a">Realizado en 1983 en Reino Unido</marc:subfield>
    </marc:datafield>
    <marc:datafield tag="520" ind1="3" ind2=" ">
      <marc:subfield code="a">Sherlock Holmes y el Dr. Watson intentar resolver los extraños sucesos
        entorno a la muerte de miembros de la familia Baskerville y la aparición de un perro
        misterioso y gigante</marc:subfield>
    </marc:datafield>
    <marc:datafield tag="521" ind1=" " ind2=" ">
      <marc:subfield code="a">Autorizada para todos los públicos</marc:subfield>
    </marc:datafield>
    <marc:datafield tag="546" ind1=" " ind2=" ">
      <marc:subfield code="a">Doblada en español</marc:subfield>
    </marc:datafield>
    <marc:datafield tag="655" ind1=" " ind2="7">
      <marc:subfield code="a">Cine de suspense</marc:subfield>
      <marc:subfield code="2">tgfbne</marc:subfield>
    </marc:datafield>
    <marc:datafield tag="700" ind1="1" ind2=" ">
      <marc:subfield code="a">Hickox, Douglas</marc:subfield>
      <marc:subfield code="d">1929-1988</marc:subfield>
      <marc:subfield code="1p">hickoxdouglas</marc:subfield>
      <marc:subfield code="4">drt</marc:subfield>
    </marc:datafield>
    <marc:datafield tag="700" ind1="1" ind2=" ">
      <marc:subfield code="a">Lewis, Michael J.</marc:subfield>
      <marc:subfield code="d">1939-</marc:subfield>
      <marc:subfield code="1p">lewismichaelj</marc:subfield>
      <marc:subfield code="4">cmp</marc:subfield>
    </marc:datafield>
    <marc:datafield tag="700" ind1="1" ind2=" ">
      <marc:subfield code="a">Plaschkes, Otto</marc:subfield>
      <marc:subfield code="d">1929-2005</marc:subfield>
      <marc:subfield code="1p">plaschkesotto</marc:subfield>
      <marc:subfield code="4">pro</marc:subfield>
    </marc:datafield>
    <marc:datafield tag="700" ind1="1" ind2=" ">
      <marc:subfield code="a">Doyle, Arthur Conan</marc:subfield>
      <marc:subfield code="c">Sir</marc:subfield>
      <marc:subfield code="d">1859-1930</marc:subfield>
      <marc:subfield code="t">The hound of the Baskervilles</marc:subfield>
      <marc:subfield code="1p">http://viaf.org/viaf/65283845</marc:subfield>
      <marc:subfield code="1w">http://viaf.org/viaf/181625655</marc:subfield>
      <marc:subfield code="4">http://rdaregistry.info/Elements/w/motionPictureAdaptationOfWork.en</marc:subfield>
    </marc:datafield>
    <marc:datafield tag="700" ind1="1" ind2=" ">
      <marc:subfield code="a">Richardson, Ian</marc:subfield>
      <marc:subfield code="d">1934-2007</marc:subfield>
      <marc:subfield code="1p">richardsonian</marc:subfield>
      <marc:subfield code="4">act</marc:subfield>
    </marc:datafield>
    <marc:datafield tag="700" ind1="1" ind2=" ">
      <marc:subfield code="a">Churchill, Donald</marc:subfield>
      <marc:subfield code="d">1930-1991</marc:subfield>
      <marc:subfield code="1p">churchilldonald</marc:subfield>
      <marc:subfield code="4">act</marc:subfield>
    </marc:datafield>
    <marc:datafield tag="700" ind1="1" ind2=" ">
      <marc:subfield code="a">Elliott, Denholm</marc:subfield>
      <marc:subfield code="d">1922-1992</marc:subfield>
      <marc:subfield code="1p">elliottdenholm</marc:subfield>
      <marc:subfield code="4">act</marc:subfield>
    </marc:datafield>
    <marc:datafield tag="899" ind1=" " ind2=" ">
      <marc:subfield code="j">VD/6036</marc:subfield>
    </marc:datafield>
  </marc:record>