
  <marc:record source="doyle.bne.national.library.xml">
    <marc:leader>02104ngm a2200529 4500</marc:leader>
    <marc:controlfield tag="001">bivi0000002992</marc:controlfield>
    <marc:controlfield tag="003">SpMaBN</marc:controlfield>
    <marc:controlfield tag="005">20170207130357.3</marc:controlfield>
    <marc:controlfield tag="007">vfr ahz</marc:controlfield>
    <marc:controlfield tag="008">000510s1997    sp 052           1vlspa  </marc:controlfield>
    <marc:datafield tag="015" ind1=" " ind2=" ">
      <marc:subfield code="a">VD97</marc:subfield>
    </marc:datafield>
    <marc:datafield tag="016" ind1="7" ind2=" ">
      <marc:subfield code="a">biviBNE20000065461</marc:subfield>
      <marc:subfield code="2">SpMaBN</marc:subfield>
    </marc:datafield>
    <marc:datafield tag="017" ind1=" " ind2=" ">
      <marc:subfield code="a">B 3762-1997</marc:subfield>
      <marc:subfield code="b">Oficina Depósito Legal Barcelona</marc:subfield>
    </marc:datafield>
    <marc:datafield tag="035" ind1=" " ind2=" ">
      <marc:subfield code="a">(OCoLC)434671483</marc:subfield>
    </marc:datafield>
    <marc:datafield tag="040" ind1=" " ind2=" ">
      <marc:subfield code="a">SpMaBN</marc:subfield>
      <marc:subfield code="b">spa</marc:subfield>
      <marc:subfield code="c">SpMaBN</marc:subfield>
      <marc:subfield code="e">rdc</marc:subfield>
    </marc:datafield>
    <marc:datafield tag="041" ind1="1" ind2=" ">
      <marc:subfield code="a">spa</marc:subfield>
      <marc:subfield code="d">eng</marc:subfield>
    </marc:datafield>
    <marc:datafield tag="084" ind1=" " ind2=" ">
      <marc:subfield code="a">1</marc:subfield>
      <marc:subfield code="2">VD</marc:subfield>
    </marc:datafield>
    <marc:datafield tag="130" ind1="0" ind2="0">
      <marc:subfield code="a">Wisteria lodge</marc:subfield>
      <marc:subfield code="l">Español</marc:subfield>
    </marc:datafield>
    <marc:datafield tag="245" ind1="1" ind2="3">
      <marc:subfield code="a">El pabellón Wisteria</marc:subfield>
      <marc:subfield code="h">[Videograbación]</marc:subfield>
      <marc:subfield code="b">= Wisteria lodge</marc:subfield>
      <marc:subfield code="c">director, Peter Hammond ; productor, June Wyndham Davies ; productor
        ejecutico, Michel Cox ; guión, Jeremy Paul ; música, Patrick Gowers</marc:subfield>
    </marc:datafield>
    <marc:datafield tag="260" ind1="1" ind2=" ">
      <marc:subfield code="a">Barcelona</marc:subfield>
      <marc:subfield code="b">Planeta-Agostini</marc:subfield>
      <marc:subfield code="c">D.L. 1997</marc:subfield>
    </marc:datafield>
    <marc:datafield tag="300" ind1=" " ind2=" ">
      <marc:subfield code="a">1 videocasete (VHS) (ca. 52 min)</marc:subfield>
      <marc:subfield code="b">son., col.</marc:subfield>
    </marc:datafield>
    <marc:datafield tag="440" ind1=" " ind2="0">
      <marc:subfield code="a">Sherlock Holmes (Planeta-Agostini)</marc:subfield>
    </marc:datafield>
    <marc:datafield tag="500" ind1=" " ind2=" ">
      <marc:subfield code="a">Adaptación de la obra de Sir Arthur Conan Doyle</marc:subfield>
    </marc:datafield>
    <marc:datafield tag="511" ind1="1" ind2=" ">
      <marc:subfield code="a">Jeremy Brett, Edward Hardwicle, Freddie Jones, etc.</marc:subfield>
    </marc:datafield>
    <marc:datafield tag="521" ind1=" " ind2=" ">
      <marc:subfield code="a">Autorizada para todos los públicos</marc:subfield>
    </marc:datafield>
    <marc:datafield tag="546" ind1=" " ind2=" ">
      <marc:subfield code="a">Doblada en español</marc:subfield>
    </marc:datafield>
    <marc:datafield tag="597" ind1=" " ind2=" ">
      <marc:subfield code="a">Sistema de color Pal</marc:subfield>
    </marc:datafield>
    <marc:datafield tag="700" ind1="1" ind2="1">
      <marc:subfield code="a">Doyle, Arthur Conan</marc:subfield>
      <marc:subfield code="c">Sir</marc:subfield>
      <marc:subfield code="d">1859-1930</marc:subfield>
      <marc:subfield code="t">The return of Sherlock Holmes</marc:subfield>
      <marc:subfield code="1p">http://viaf.org/viaf/65283845</marc:subfield>
      <marc:subfield code="1w">http://www.wikidata.org/entity/Q725752</marc:subfield>
      <marc:subfield code="4">http://rdaregistry.info/Elements/w/adaptationOfWork.en</marc:subfield>
    </marc:datafield>
    <marc:datafield tag="700" ind1="1" ind2="1">
      <marc:subfield code="a">Hammond, Peter</marc:subfield>
      <marc:subfield code="4">drt</marc:subfield>
      <marc:subfield code="1p">hammondpeter</marc:subfield>
    </marc:datafield>
    <marc:datafield tag="700" ind1="1" ind2="1">
      <marc:subfield code="a">Wyndham-Davies, June</marc:subfield>
      <marc:subfield code="4">pro</marc:subfield>
      <marc:subfield code="1p">wyndhamdaviesjune</marc:subfield>
    </marc:datafield>
    <marc:datafield tag="700" ind1="1" ind2="1">
      <marc:subfield code="a">Cox, Michael</marc:subfield>
      <marc:subfield code="c">(productor)</marc:subfield>
      <marc:subfield code="1p">coxmichael</marc:subfield>
    </marc:datafield>
    <marc:datafield tag="700" ind1="1" ind2="1">
      <marc:subfield code="a">Paul, Jeremy</marc:subfield>
      <marc:subfield code="d">1939-2011</marc:subfield>
      <marc:subfield code="1p">pauljeremy</marc:subfield>
    </marc:datafield>
    <marc:datafield tag="700" ind1="1" ind2="1">
      <marc:subfield code="a">Gowers, Patrick</marc:subfield>
      <marc:subfield code="4">cmp</marc:subfield>
      <marc:subfield code="d">1936-2014</marc:subfield>
      <marc:subfield code="1p">gowerspatrick</marc:subfield>
    </marc:datafield>
    <marc:datafield tag="700" ind1="1" ind2="1">
      <marc:subfield code="a">Brett, Jeremy</marc:subfield>
      <marc:subfield code="4">act</marc:subfield>
      <marc:subfield code="d">1933-1995</marc:subfield>
      <marc:subfield code="1p">brettjeremy</marc:subfield>
    </marc:datafield>
    <marc:datafield tag="700" ind1="1" ind2="1">
      <marc:subfield code="a">Hardwicke, Edward</marc:subfield>
      <marc:subfield code="4">act</marc:subfield>
      <marc:subfield code="d">1932-2011</marc:subfield>
      <marc:subfield code="1p">hardwickeedward</marc:subfield>
    </marc:datafield>
    <marc:datafield tag="700" ind1="1" ind2="1">
      <marc:subfield code="a">Jones, Freddie</marc:subfield>
      <marc:subfield code="d">1927-</marc:subfield>
      <marc:subfield code="1p">jonesfreddie</marc:subfield>
    </marc:datafield>
    <marc:datafield tag="899" ind1=" " ind2=" ">
      <marc:subfield code="j">VD/45071</marc:subfield>
    </marc:datafield>
    <marc:datafield tag="899" ind1=" " ind2=" ">
      <marc:subfield code="j">VD/45072</marc:subfield>
    </marc:datafield>
    <marc:datafield tag="899" ind1=" " ind2=" ">
      <marc:subfield code="j">VD/45073</marc:subfield>
    </marc:datafield>
  </marc:record>