
  <marc:record source="doyle.bne.national.library.xml">
    <marc:leader>02067nam a2200409 c 4500</marc:leader>
    <marc:controlfield tag="001">a5684129</marc:controlfield>
    <marc:controlfield tag="003">SpMaBN</marc:controlfield>
    <marc:controlfield tag="005">20151007104041.4</marc:controlfield>
    <marc:controlfield tag="008">150904s2015    sp     | |||| 000 f spa  </marc:controlfield>
    <marc:datafield tag="015" ind1=" " ind2=" ">
      <marc:subfield code="a">MON1509</marc:subfield>
    </marc:datafield>
    <marc:datafield tag="017" ind1=" " ind2=" ">
      <marc:subfield code="a">B 11924-2015</marc:subfield>
      <marc:subfield code="b">Oficina Depósito Legal Barcelona</marc:subfield>
    </marc:datafield>
    <marc:datafield tag="020" ind1=" " ind2=" ">
      <marc:subfield code="a">978-84-9105-010-0</marc:subfield>
      <marc:subfield code="q">v. 1</marc:subfield>
    </marc:datafield>
    <marc:datafield tag="020" ind1=" " ind2=" ">
      <marc:subfield code="a">978-84-9105-086-5</marc:subfield>
      <marc:subfield code="q">v. 2</marc:subfield>
    </marc:datafield>
    <marc:datafield tag="035" ind1=" " ind2=" ">
      <marc:subfield code="a">(OCoLC)927705583</marc:subfield>
    </marc:datafield>
    <marc:datafield tag="040" ind1=" " ind2=" ">
      <marc:subfield code="a">SpMaBN</marc:subfield>
      <marc:subfield code="b">spa</marc:subfield>
      <marc:subfield code="c">SpMaBN</marc:subfield>
      <marc:subfield code="e">rdc</marc:subfield>
    </marc:datafield>
    <marc:datafield tag="041" ind1="1" ind2=" ">
      <marc:subfield code="a">spa</marc:subfield>
      <marc:subfield code="h">eng</marc:subfield>
    </marc:datafield>
    <marc:datafield tag="080" ind1=" " ind2=" ">
      <marc:subfield code="a">821.111-31"18"</marc:subfield>
    </marc:datafield>
    <marc:datafield tag="100" ind1="1" ind2=" ">
      <marc:subfield code="a">Doyle, Arthur Conan</marc:subfield>
      <marc:subfield code="c">Sir</marc:subfield>
      <marc:subfield code="d">1859-1930</marc:subfield>
      <marc:subfield code="4">aut</marc:subfield>
      <marc:subfield code="1p">http://viaf.org/viaf/65283845</marc:subfield>
    </marc:datafield>
    <marc:datafield tag="243" ind1="1" ind2="0">
      <marc:subfield code="a">Obra selecta</marc:subfield>
      <marc:subfield code="l">Español</marc:subfield>
    </marc:datafield>
    <marc:datafield tag="240" ind1="1" ind2="0">
      <marc:subfield code="a">Sherlock Holmes</marc:subfield>
      <marc:subfield code="1w">http://viaf.org/viaf/174141344</marc:subfield>
      <marc:subfield code="2">generated from 245</marc:subfield>
      <marc:subfield code="l">spa</marc:subfield>
    </marc:datafield>
    <marc:datafield tag="245" ind1="1" ind2="0">
      <marc:subfield code="a">Sherlock Holmes :</marc:subfield>
      <marc:subfield code="b">relatos</marc:subfield>
      <marc:subfield code="c">Sir Arthur Conan Doyle ; introducción de Andreu Jaume</marc:subfield>
    </marc:datafield>
    <marc:datafield tag="250" ind1=" " ind2=" ">
      <marc:subfield code="a">1ª ed.</marc:subfield>
    </marc:datafield>
    <marc:datafield tag="260" ind1=" " ind2=" ">
      <marc:subfield code="a">[Barcelona]</marc:subfield>
      <marc:subfield code="b">Penguin Clásicos</marc:subfield>
      <marc:subfield code="c">2015</marc:subfield>
    </marc:datafield>
    <marc:datafield tag="300" ind1=" " ind2=" ">
      <marc:subfield code="a">2 v. (XIX, 582; XIX, 865 p.)</marc:subfield>
      <marc:subfield code="c">19 cm</marc:subfield>
    </marc:datafield>
    <marc:datafield tag="336" ind1=" " ind2=" ">
      <marc:subfield code="a">Texto (visual)</marc:subfield>
      <marc:subfield code="2">isbdcontent</marc:subfield>
    </marc:datafield>
    <marc:datafield tag="337" ind1=" " ind2=" ">
      <marc:subfield code="a">sin mediación</marc:subfield>
      <marc:subfield code="2">isbdmedia</marc:subfield>
    </marc:datafield>
    <marc:datafield tag="505" ind1="0" ind2=" ">
      <marc:subfield code="a">1. Las aventuras de Sherlock Holmes / traducción de Esther tusquets --
        2. El regreso de Sherlock Holmes ; Su último saludo ; El archivo de Sherlock Holmes /
        traducción de Juan Camargo</marc:subfield>
    </marc:datafield>
    <marc:datafield tag="700" ind1="1" ind2=" ">
      <marc:subfield code="a">Tusquets, Esther</marc:subfield>
      <marc:subfield code="d">1936-2012</marc:subfield>
      <marc:subfield code="e">traductor</marc:subfield>
      <marc:subfield code="4">trl</marc:subfield>
      <marc:subfield code="1p">http://viaf.org/viaf/84477527</marc:subfield>
    </marc:datafield>
    <marc:datafield tag="700" ind1="1" ind2=" ">
      <marc:subfield code="a">Camargo, Juan</marc:subfield>
      <marc:subfield code="e">traductor</marc:subfield>
      <marc:subfield code="4">trl</marc:subfield>
      <marc:subfield code="1p">camargojuan</marc:subfield>
    </marc:datafield>
  </marc:record>