
  <marc:record source="doyle.bne.national.library.xml">
    <marc:leader>01832nam a2200409 4500</marc:leader>
    <marc:controlfield tag="001">bimo0000200624</marc:controlfield>
    <marc:controlfield tag="003">SpMaBN</marc:controlfield>
    <marc:controlfield tag="005">20140227040049.5</marc:controlfield>
    <marc:controlfield tag="008">880824s19850000sp           0000   spa  </marc:controlfield>
    <marc:datafield tag="016" ind1="7" ind2=" ">
      <marc:subfield code="a">bimoBNE19921156373</marc:subfield>
      <marc:subfield code="z">IBH8605103068</marc:subfield>
      <marc:subfield code="2">SpMaBN</marc:subfield>
    </marc:datafield>
    <marc:datafield tag="017" ind1=" " ind2=" ">
      <marc:subfield code="a">M 5672-1985</marc:subfield>
      <marc:subfield code="b">Oficina Depósito Legal Madrid</marc:subfield>
    </marc:datafield>
    <marc:datafield tag="020" ind1=" " ind2=" ">
      <marc:subfield code="a">84-7461-221-7</marc:subfield>
    </marc:datafield>
    <marc:datafield tag="035" ind1=" " ind2=" ">
      <marc:subfield code="a">(OCoLC)434070883</marc:subfield>
    </marc:datafield>
    <marc:datafield tag="040" ind1=" " ind2=" ">
      <marc:subfield code="a">IBH</marc:subfield>
      <marc:subfield code="b">spa</marc:subfield>
      <marc:subfield code="c">SpMaBN</marc:subfield>
      <marc:subfield code="e">rdc</marc:subfield>
    </marc:datafield>
    <marc:datafield tag="080" ind1=" " ind2=" ">
      <marc:subfield code="a">820-31"18"</marc:subfield>
    </marc:datafield>
    <marc:datafield tag="100" ind1="1" ind2=" ">
      <marc:subfield code="a">Doyle, Arthur Conan</marc:subfield>
      <marc:subfield code="c">Sir</marc:subfield>
      <marc:subfield code="d">1859-1930</marc:subfield>
      <marc:subfield code="1p">http://viaf.org/viaf/65283845</marc:subfield>
    </marc:datafield>
    <marc:datafield tag="240" ind1="1" ind2="4">
      <marc:subfield code="a">The adventures of Sherlock Holmes</marc:subfield>
      <marc:subfield code="l">Español</marc:subfield>
      <marc:subfield code="1w">http://viaf.org/viaf/186734487</marc:subfield>
    </marc:datafield>
    <marc:datafield tag="245" ind1="1" ind2="0">
      <marc:subfield code="a">Aventuras de Sherlock Holmes</marc:subfield>
      <marc:subfield code="h">[Texto impreso]</marc:subfield>
      <marc:subfield code="c">Arthur Conan Doyle</marc:subfield>
    </marc:datafield>
    <marc:datafield tag="260" ind1=" " ind2=" ">
      <marc:subfield code="a">Madrid</marc:subfield>
      <marc:subfield code="b">Promoción y Ediciones</marc:subfield>
      <marc:subfield code="c">1985</marc:subfield>
    </marc:datafield>
    <marc:datafield tag="300" ind1=" " ind2=" ">
      <marc:subfield code="a">185 p.</marc:subfield>
      <marc:subfield code="c">20 cm</marc:subfield>
    </marc:datafield>
    <marc:datafield tag="490" ind1="0" ind2=" ">
      <marc:subfield code="a">Grandes genios de la literatura universal</marc:subfield>
      <marc:subfield code="v">18</marc:subfield>
    </marc:datafield>
  </marc:record>