
  <marc:record source="doyle.bne.national.library.xml">
    <marc:leader>01221ngm a2200337 4500</marc:leader>
    <marc:controlfield tag="001">bivi0000036916</marc:controlfield>
    <marc:controlfield tag="003">SpMaBN</marc:controlfield>
    <marc:controlfield tag="005">20020417000000.4</marc:controlfield>
    <marc:controlfield tag="007">vfrcbahzu</marc:controlfield>
    <marc:controlfield tag="008">001108s2000    sp 060 g         1vaspa  </marc:controlfield>
    <marc:datafield tag="015" ind1=" " ind2=" ">
      <marc:subfield code="a">VD00</marc:subfield>
    </marc:datafield>
    <marc:datafield tag="016" ind1="7" ind2=" ">
      <marc:subfield code="a">biviBNE20000171706</marc:subfield>
      <marc:subfield code="2">SpMaBN</marc:subfield>
    </marc:datafield>
    <marc:datafield tag="017" ind1=" " ind2=" ">
      <marc:subfield code="a">B 32385-2000</marc:subfield>
      <marc:subfield code="b">Oficina Depósito Legal Barcelona</marc:subfield>
    </marc:datafield>
    <marc:datafield tag="035" ind1=" " ind2=" ">
      <marc:subfield code="a">(OCoLC)434769026</marc:subfield>
    </marc:datafield>
    <marc:datafield tag="040" ind1=" " ind2=" ">
      <marc:subfield code="a">SpMaBN</marc:subfield>
      <marc:subfield code="b">spa</marc:subfield>
      <marc:subfield code="c">SpMaBN</marc:subfield>
      <marc:subfield code="e">rdc</marc:subfield>
    </marc:datafield>
    <marc:datafield tag="084" ind1=" " ind2=" ">
      <marc:subfield code="a">2</marc:subfield>
      <marc:subfield code="2">VD</marc:subfield>
    </marc:datafield>
    <marc:datafield tag="130" ind1="3" ind2="0">
      <marc:subfield code="a">The hound of the Baskervilles</marc:subfield>
      <marc:subfield code="l">Español</marc:subfield>
    </marc:datafield>
    <marc:datafield tag="245" ind1="1" ind2="3">
      <marc:subfield code="a">El perro de Baskerville</marc:subfield>
      <marc:subfield code="h">[Videograbación]</marc:subfield>
      <marc:subfield code="b">= The hound of the Baskervilles</marc:subfield>
    </marc:datafield>
    <marc:datafield tag="260" ind1="0" ind2=" ">
      <marc:subfield code="a">[Barcelona]</marc:subfield>
      <marc:subfield code="b">Burbank Films</marc:subfield>
      <marc:subfield code="b">Jenymar</marc:subfield>
      <marc:subfield code="c">D.L. 2000</marc:subfield>
    </marc:datafield>
    <marc:datafield tag="300" ind1=" " ind2=" ">
      <marc:subfield code="a">1 videocasete (VHS) (ca. 60 min)</marc:subfield>
      <marc:subfield code="b">son., col.</marc:subfield>
    </marc:datafield>
    <marc:datafield tag="440" ind1=" " ind2="0">
      <marc:subfield code="a">Cuentos clásicos (Burbank Films)</marc:subfield>
    </marc:datafield>
    <marc:datafield tag="500" ind1=" " ind2=" ">
      <marc:subfield code="a">Basado en la obra de Sir Arthur Conan Doyle</marc:subfield>
    </marc:datafield>
    <marc:datafield tag="500" ind1=" " ind2=" ">
      <marc:subfield code="a">Dibujos animados</marc:subfield>
    </marc:datafield>
    <marc:datafield tag="521" ind1=" " ind2=" ">
      <marc:subfield code="a">Autorizada para todos los públicos</marc:subfield>
    </marc:datafield>
    <marc:datafield tag="546" ind1=" " ind2=" ">
      <marc:subfield code="a">Doblada en español</marc:subfield>
    </marc:datafield>
    <marc:datafield tag="700" ind1="1" ind2="1">
      <marc:subfield code="a">Doyle, Arthur Conan</marc:subfield>
      <marc:subfield code="c">Sir</marc:subfield>
      <marc:subfield code="d">1859-1930</marc:subfield>
      <marc:subfield code="t">The hound of the Baskervilles</marc:subfield>
      <marc:subfield code="1p">http://viaf.org/viaf/65283845</marc:subfield>
      <marc:subfield code="1w">http://viaf.org/viaf/181625655</marc:subfield>
      <marc:subfield code="4">http://rdaregistry.info/Elements/w/motionPictureAdaptationOfWork.en</marc:subfield>
    </marc:datafield>
    <marc:datafield tag="899" ind1=" " ind2=" ">
      <marc:subfield code="j">VD/49386</marc:subfield>
    </marc:datafield>
  </marc:record>