
  <marc:record source="doyle.bne.national.library.xml">
    <marc:leader>01446nam a22003615b 4500</marc:leader>
    <marc:controlfield tag="001">bimo0000290704</marc:controlfield>
    <marc:controlfield tag="003">SpMaBN</marc:controlfield>
    <marc:controlfield tag="005">20151119173901.5</marc:controlfield>
    <marc:controlfield tag="008">930520s1991    sp |         |||| ||spa  </marc:controlfield>
    <marc:datafield tag="016" ind1="7" ind2=" ">
      <marc:subfield code="a">bimoBNE19930155416</marc:subfield>
      <marc:subfield code="2">SpMaBN</marc:subfield>
    </marc:datafield>
    <marc:datafield tag="017" ind1=" " ind2=" ">
      <marc:subfield code="a">M 3847-1991</marc:subfield>
      <marc:subfield code="b">Oficina Depósito Legal Madrid</marc:subfield>
    </marc:datafield>
    <marc:datafield tag="020" ind1=" " ind2=" ">
      <marc:subfield code="a">84-321-2725-6</marc:subfield>
    </marc:datafield>
    <marc:datafield tag="035" ind1=" " ind2=" ">
      <marc:subfield code="a">(OCoLC)434813827</marc:subfield>
    </marc:datafield>
    <marc:datafield tag="040" ind1=" " ind2=" ">
      <marc:subfield code="a">SpMaBN</marc:subfield>
      <marc:subfield code="b">spa</marc:subfield>
      <marc:subfield code="c">SpMaBN</marc:subfield>
      <marc:subfield code="e">rdc</marc:subfield>
    </marc:datafield>
    <marc:datafield tag="080" ind1=" " ind2="0">
      <marc:subfield code="a">087.5:82</marc:subfield>
    </marc:datafield>
    <marc:datafield tag="100" ind1="1" ind2=" ">
      <marc:subfield code="a">Díaz Santander, Rafael</marc:subfield>
      <marc:subfield code="1p">dazsantanderrafael</marc:subfield>
    </marc:datafield>
    <marc:datafield tag="245" ind1="1" ind2="0">
      <marc:subfield code="a">Aventuras de Sherlock Holmes</marc:subfield>
      <marc:subfield code="h">[Texto impreso]</marc:subfield>
      <marc:subfield code="c">Conan Doyle ; [adaptación, R. Díaz y M. Martín ; cubierta e
        ilustraciones, Carlos Gallego]</marc:subfield>
    </marc:datafield>
    <marc:datafield tag="250" ind1=" " ind2=" ">
      <marc:subfield code="a">[2ª ed.]</marc:subfield>
    </marc:datafield>
    <marc:datafield tag="260" ind1=" " ind2=" ">
      <marc:subfield code="a">Madrid</marc:subfield>
      <marc:subfield code="b">Rialp</marc:subfield>
      <marc:subfield code="c">1991</marc:subfield>
    </marc:datafield>
    <marc:datafield tag="300" ind1=" " ind2=" ">
      <marc:subfield code="a">140 p.</marc:subfield>
      <marc:subfield code="b">il.</marc:subfield>
      <marc:subfield code="c">21 cm</marc:subfield>
    </marc:datafield>
    <marc:datafield tag="440" ind1=" " ind2="0">
      <marc:subfield code="a">Nuevo Auriga</marc:subfield>
      <marc:subfield code="v">108</marc:subfield>
    </marc:datafield>
    <marc:datafield tag="503" ind1=" " ind2=" ">
      <marc:subfield code="a">Adaptación de: The adventures of Sherlock Holmes / Conan
        Doyle</marc:subfield>
    </marc:datafield>
    <marc:datafield tag="700" ind1="1" ind2=" ">
      <marc:subfield code="a">Doyle, Arthur Conan</marc:subfield>
      <marc:subfield code="c">Sir</marc:subfield>
      <marc:subfield code="d">1859-1930</marc:subfield>
      <marc:subfield code="t">The adventures of Sherlock Holmes</marc:subfield>
      <marc:subfield code="1p">http://viaf.org/viaf/65283845</marc:subfield>
      <marc:subfield code="1w">http://viaf.org/viaf/186734487</marc:subfield>
      <marc:subfield code="4">http://rdaregistry.info/Elements/w/adaptationOfWork.en</marc:subfield>
    </marc:datafield>
    <marc:datafield tag="700" ind1="1" ind2=" ">
      <marc:subfield code="a">Martín, M.</marc:subfield>
      <marc:subfield code="d">1945-</marc:subfield>
      <marc:subfield code="1p">martnm</marc:subfield>
    </marc:datafield>
    <marc:datafield tag="700" ind1="1" ind2=" ">
      <marc:subfield code="a">Gallego, Carlos</marc:subfield>
      <marc:subfield code="d">1979-</marc:subfield>
      <marc:subfield code="1p">gallegocarlos</marc:subfield>
    </marc:datafield>
  </marc:record>