
  <marc:record source="doyle.bne.national.library.xml">
    <marc:leader>01258nam a2200325 b 4500</marc:leader>
    <marc:controlfield tag="001">Mimo0002144306</marc:controlfield>
    <marc:controlfield tag="003">SpMaBN</marc:controlfield>
    <marc:controlfield tag="005">20171120134116.2</marc:controlfield>
    <marc:controlfield tag="008">061121s1943    sp |          ||| ||spa  </marc:controlfield>
    <marc:datafield tag="016" ind1="7" ind2=" ">
      <marc:subfield code="a">bimoBNE20061083901</marc:subfield>
      <marc:subfield code="2">SpMaBN</marc:subfield>
    </marc:datafield>
    <marc:datafield tag="035" ind1=" " ind2=" ">
      <marc:subfield code="a">(OCoLC)433951163</marc:subfield>
    </marc:datafield>
    <marc:datafield tag="040" ind1=" " ind2=" ">
      <marc:subfield code="a">SpMaBN</marc:subfield>
      <marc:subfield code="b">spa</marc:subfield>
      <marc:subfield code="c">SpMaBN</marc:subfield>
      <marc:subfield code="e">rdc</marc:subfield>
    </marc:datafield>
    <marc:datafield tag="080" ind1=" " ind2="0">
      <marc:subfield code="a">821.111-31"18"</marc:subfield>
    </marc:datafield>
    <marc:datafield tag="080" ind1=" " ind2="0">
      <marc:subfield code="a">821.133.1-31"18"</marc:subfield>
    </marc:datafield>
    <marc:datafield tag="245" ind1="1" ind2="0">
      <marc:subfield code="a">Olalla</marc:subfield>
      <marc:subfield code="h">[Texto impreso]</marc:subfield>
      <marc:subfield code="c">R.L. Stevenson. El valle del terror / A. Conan Doyle. Una pariente
        pobre / Madame Bourdon</marc:subfield>
    </marc:datafield>
    <marc:datafield tag="260" ind1=" " ind2=" ">
      <marc:subfield code="a">Madrid</marc:subfield>
      <marc:subfield code="b">Centro Editorial Matas</marc:subfield>
      <marc:subfield code="c">1943</marc:subfield>
    </marc:datafield>
    <marc:datafield tag="300" ind1=" " ind2=" ">
      <marc:subfield code="a">32, 97, 71 p.</marc:subfield>
      <marc:subfield code="c">21 cm</marc:subfield>
    </marc:datafield>
    <marc:datafield tag="490" ind1="0" ind2=" ">
      <marc:subfield code="a">Colección popular de tres novelas escogidas</marc:subfield>
      <marc:subfield code="v">nº 2</marc:subfield>
    </marc:datafield>
    <marc:datafield tag="700" ind1="1" ind2="2">
      <marc:subfield code="a">Doyle, Arthur Conan</marc:subfield>
      <marc:subfield code="c">Sir</marc:subfield>
      <marc:subfield code="d">1859-1930</marc:subfield>
      <marc:subfield code="t">The valley of fear</marc:subfield>
      <marc:subfield code="1p">http://viaf.org/viaf/65283845</marc:subfield>
      <marc:subfield code="1w">http://viaf.org/viaf/175571309</marc:subfield>
      <marc:subfield code="l">spa</marc:subfield>
    </marc:datafield>
    <marc:datafield tag="700" ind1="1" ind2="2">
      <marc:subfield code="a">Stevenson, Robert Louis</marc:subfield>
      <marc:subfield code="d">1850-1894</marc:subfield>
      <marc:subfield code="1p">stevensonrobertlouis</marc:subfield>
      <marc:subfield code="2">Olalla</marc:subfield>
    </marc:datafield>
    <marc:datafield tag="700" ind1="1" ind2="2">
      <marc:subfield code="a">Bourdon, Mathilde</marc:subfield>
      <marc:subfield code="t">Une parente pauvre</marc:subfield>
      <marc:subfield code="1p">bourdonmathilde</marc:subfield>
    </marc:datafield>
    <marc:datafield tag="740" ind1="3" ind2="2">
      <marc:subfield code="a">El valle del terror</marc:subfield>
    </marc:datafield>
    <marc:datafield tag="740" ind1="4" ind2="2">
      <marc:subfield code="a">Una pariente pobre</marc:subfield>
    </marc:datafield>
  </marc:record>