
  <marc:record source="doyle.bne.national.library.xml">
    <marc:leader>01104nam a2200301 4500</marc:leader>
    <marc:controlfield tag="001">bimo0000213726</marc:controlfield>
    <marc:controlfield tag="003">SpMaBN</marc:controlfield>
    <marc:controlfield tag="005">20160728015144.5</marc:controlfield>
    <marc:controlfield tag="008">881202s19860000sp a         0000   spa  </marc:controlfield>
    <marc:datafield tag="016" ind1="7" ind2=" ">
      <marc:subfield code="a">bimoBNE19921299719</marc:subfield>
      <marc:subfield code="z">IBH8605118427</marc:subfield>
      <marc:subfield code="2">SpMaBN</marc:subfield>
    </marc:datafield>
    <marc:datafield tag="017" ind1=" " ind2=" ">
      <marc:subfield code="a">M 3355-1986</marc:subfield>
      <marc:subfield code="b">Oficina Depósito Legal Madrid</marc:subfield>
    </marc:datafield>
    <marc:datafield tag="020" ind1=" " ind2=" ">
      <marc:subfield code="a">84-305-1480-5</marc:subfield>
    </marc:datafield>
    <marc:datafield tag="035" ind1=" " ind2=" ">
      <marc:subfield code="a">(OCoLC)434255611</marc:subfield>
    </marc:datafield>
    <marc:datafield tag="040" ind1=" " ind2=" ">
      <marc:subfield code="a">IBH</marc:subfield>
      <marc:subfield code="b">spa</marc:subfield>
      <marc:subfield code="c">SpMaBN</marc:subfield>
      <marc:subfield code="e">rdc</marc:subfield>
    </marc:datafield>
    <marc:datafield tag="080" ind1=" " ind2=" ">
      <marc:subfield code="a">087.5:820-32"19"</marc:subfield>
    </marc:datafield>
    <marc:datafield tag="100" ind1="1" ind2=" ">
      <marc:subfield code="a">Doyle, Arthur Conan</marc:subfield>
      <marc:subfield code="c">Sir</marc:subfield>
      <marc:subfield code="d">1859-1930</marc:subfield>
      <marc:subfield code="1p">http://viaf.org/viaf/65283845</marc:subfield>
    </marc:datafield>
    <marc:datafield tag="240" ind1="1" ind2="0">
      <marc:subfield code="a">A study in scarlet</marc:subfield>
      <marc:subfield code="l">Español</marc:subfield>
      <marc:subfield code="1w">http://viaf.org/viaf/179061639</marc:subfield>
    </marc:datafield>
    <marc:datafield tag="245" ind1="1" ind2="0">
      <marc:subfield code="a">Sherlock Holmes, estudio en escarlata</marc:subfield>
      <marc:subfield code="h">[Texto impreso]</marc:subfield>
      <marc:subfield code="c">A. Conan Doyle ; ilustraciones, Fernando Sáez</marc:subfield>
    </marc:datafield>
    <marc:datafield tag="260" ind1=" " ind2=" ">
      <marc:subfield code="a">Madrid</marc:subfield>
      <marc:subfield code="b">Susaeta</marc:subfield>
      <marc:subfield code="c">1986</marc:subfield>
    </marc:datafield>
    <marc:datafield tag="300" ind1=" " ind2=" ">
      <marc:subfield code="a">118 p.</marc:subfield>
      <marc:subfield code="b">il. col.</marc:subfield>
      <marc:subfield code="c">22 cm</marc:subfield>
    </marc:datafield>
    <marc:datafield tag="490" ind1="0" ind2=" ">
      <marc:subfield code="a">Colección Saeta</marc:subfield>
      <marc:subfield code="v">67</marc:subfield>
    </marc:datafield>
    <marc:datafield tag="700" ind1="1" ind2=" ">
      <marc:subfield code="a">Sáez, Fernando</marc:subfield>
      <marc:subfield code="d">1921-</marc:subfield>
      <marc:subfield code="e">il.</marc:subfield>
      <marc:subfield code="1p">sezfernando</marc:subfield>
    </marc:datafield>
  </marc:record>