
  <marc:record source="doyle.bne.national.library.xml">
    <marc:leader>00935cam a22002657c 4500</marc:leader>
    <marc:controlfield tag="001">bimo0000157365</marc:controlfield>
    <marc:controlfield tag="003">SpMaBN</marc:controlfield>
    <marc:controlfield tag="005">20141002102146.5</marc:controlfield>
    <marc:controlfield tag="008">850513s1984    sp a          ||| f spa  </marc:controlfield>
    <marc:datafield tag="016" ind1="7" ind2=" ">
      <marc:subfield code="a">bimoBNE19920665793</marc:subfield>
      <marc:subfield code="z">IBH8505903900</marc:subfield>
      <marc:subfield code="2">SpMaBN</marc:subfield>
    </marc:datafield>
    <marc:datafield tag="017" ind1=" " ind2=" ">
      <marc:subfield code="a">M 40211-1984</marc:subfield>
      <marc:subfield code="b">Oficina Depósito Legal Madrid</marc:subfield>
    </marc:datafield>
    <marc:datafield tag="020" ind1=" " ind2=" ">
      <marc:subfield code="a">84-7574-262-9</marc:subfield>
    </marc:datafield>
    <marc:datafield tag="035" ind1=" " ind2=" ">
      <marc:subfield code="a">(OCoLC)434638301</marc:subfield>
    </marc:datafield>
    <marc:datafield tag="040" ind1=" " ind2=" ">
      <marc:subfield code="a">IBH</marc:subfield>
      <marc:subfield code="b">spa</marc:subfield>
      <marc:subfield code="c">SpMaBN</marc:subfield>
      <marc:subfield code="e">rdc</marc:subfield>
    </marc:datafield>
    <marc:datafield tag="080" ind1=" " ind2=" ">
      <marc:subfield code="a">821.134.2-31"19"</marc:subfield>
    </marc:datafield>
    <marc:datafield tag="100" ind1="1" ind2=" ">
      <marc:subfield code="a">Doyle, Arthur Conan</marc:subfield>
      <marc:subfield code="c">Sir</marc:subfield>
      <marc:subfield code="d">1859-1930</marc:subfield>
      <marc:subfield code="1p">http://viaf.org/viaf/65283845</marc:subfield>
    </marc:datafield>
    <marc:datafield tag="240" ind1="1" ind2="0">
      <marc:subfield code="a">A Study in Scarlet</marc:subfield>
      <marc:subfield code="1w">http://viaf.org/viaf/179061639</marc:subfield>
      <marc:subfield code="2">generated from 245</marc:subfield>
      <marc:subfield code="l">spa</marc:subfield>
    </marc:datafield>
    <marc:datafield tag="245" ind1="1" ind2="0">
      <marc:subfield code="a">Estudio en escarlata =</marc:subfield>
      <marc:subfield code="b">(A study in scarlet)</marc:subfield>
      <marc:subfield code="c">Arthur Conan Doyle ; [traducción, Ramón Hervás ; ilustración, Miguel
        Angel Pratico]</marc:subfield>
    </marc:datafield>
    <marc:datafield tag="260" ind1=" " ind2=" ">
      <marc:subfield code="a">Barcelona</marc:subfield>
      <marc:subfield code="b">Forum</marc:subfield>
      <marc:subfield code="c">D.L. 1984</marc:subfield>
    </marc:datafield>
    <marc:datafield tag="300" ind1=" " ind2=" ">
      <marc:subfield code="a">60 p.</marc:subfield>
      <marc:subfield code="b">il.</marc:subfield>
      <marc:subfield code="c">24 cm</marc:subfield>
    </marc:datafield>
    <marc:datafield tag="490" ind1="0" ind2=" ">
      <marc:subfield code="a">Círculo del crimen</marc:subfield>
      <marc:subfield code="v">n. 102</marc:subfield>
    </marc:datafield>
    <marc:datafield tag="700" ind1="1" ind2=" ">
      <marc:subfield code="a">Hervás, Ramón</marc:subfield>
      <marc:subfield code="1p">hervsramn</marc:subfield>
    </marc:datafield>
  </marc:record>