
  <marc:record source="doyle.bne.national.library.xml">
    <marc:leader>01543nam a22003731i 4500</marc:leader>
    <marc:controlfield tag="001">bimo0001686915</marc:controlfield>
    <marc:controlfield tag="003">SpMaBN</marc:controlfield>
    <marc:controlfield tag="005">20171121004404.3</marc:controlfield>
    <marc:controlfield tag="008">010505s1984    sp                  spa  </marc:controlfield>
    <marc:datafield tag="016" ind1="7" ind2=" ">
      <marc:subfield code="a">bimoBNE20010566489</marc:subfield>
      <marc:subfield code="z">HAB2001000938</marc:subfield>
      <marc:subfield code="2">SpMaBN</marc:subfield>
    </marc:datafield>
    <marc:datafield tag="017" ind1=" " ind2=" ">
      <marc:subfield code="a">B 36579-1984</marc:subfield>
      <marc:subfield code="b">Oficina Depósito Legal Barcelona</marc:subfield>
    </marc:datafield>
    <marc:datafield tag="020" ind1=" " ind2=" ">
      <marc:subfield code="a">84-02-10289-1</marc:subfield>
    </marc:datafield>
    <marc:datafield tag="035" ind1=" " ind2=" ">
      <marc:subfield code="a">(OCoLC)434110756</marc:subfield>
    </marc:datafield>
    <marc:datafield tag="040" ind1=" " ind2=" ">
      <marc:subfield code="a">SpMaBN</marc:subfield>
      <marc:subfield code="b">spa</marc:subfield>
      <marc:subfield code="c">CDM</marc:subfield>
    </marc:datafield>
    <marc:datafield tag="080" ind1=" " ind2="0">
      <marc:subfield code="a">087.5:82</marc:subfield>
    </marc:datafield>
    <marc:datafield tag="245" ind1="1" ind2="0">
      <marc:subfield code="a">Tres corazones</marc:subfield>
      <marc:subfield code="h">[Texto impreso]</marc:subfield>
      <marc:subfield code="c">Jack London. La mina / Karl May. Hazañas del Brigadier Gerard / A.
        Conan Doyle. Nuevas aventuras de Robinson Crusoe / Daniel Defoe</marc:subfield>
    </marc:datafield>
    <marc:datafield tag="250" ind1=" " ind2=" ">
      <marc:subfield code="a">[1ª ed.]</marc:subfield>
    </marc:datafield>
    <marc:datafield tag="260" ind1=" " ind2=" ">
      <marc:subfield code="a">Barcelona</marc:subfield>
      <marc:subfield code="b">Bruguera</marc:subfield>
      <marc:subfield code="c">D.L. 1984</marc:subfield>
    </marc:datafield>
    <marc:datafield tag="300" ind1=" " ind2=" ">
      <marc:subfield code="a">120 p. (pag. var.)</marc:subfield>
      <marc:subfield code="b">principalmente il. col.</marc:subfield>
      <marc:subfield code="c">28 cm</marc:subfield>
    </marc:datafield>
    <marc:datafield tag="490" ind1="0" ind2=" ">
      <marc:subfield code="a">Novelas ilustradas</marc:subfield>
      <marc:subfield code="v">9</marc:subfield>
    </marc:datafield>
    <marc:datafield tag="700" ind1="1" ind2="2">
      <marc:subfield code="a">Doyle, Arthur Conan</marc:subfield>
      <marc:subfield code="c">Sir</marc:subfield>
      <marc:subfield code="d">1859-1930</marc:subfield>
      <marc:subfield code="t">The exploits of brigadier Gerard</marc:subfield>
      <marc:subfield code="1p">http://viaf.org/viaf/65283845</marc:subfield>
      <marc:subfield code="1w">http://www.wikidata.org/entity/Q19086389</marc:subfield>
      <marc:subfield code="l">spa</marc:subfield>
    </marc:datafield>
    <marc:datafield tag="700" ind1="1" ind2="2">
      <marc:subfield code="a">May, Karl</marc:subfield>
      <marc:subfield code="d">1842-1912</marc:subfield>
      <marc:subfield code="t">Satan und Ischariot</marc:subfield>
      <marc:subfield code="1p">maykarl</marc:subfield>
    </marc:datafield>
    <marc:datafield tag="700" ind1="1" ind2="2">
      <marc:subfield code="a">Defoe, Daniel</marc:subfield>
      <marc:subfield code="d">1661?-1731</marc:subfield>
      <marc:subfield code="t">The farther adventures of Robinson Crusoe</marc:subfield>
      <marc:subfield code="1p">defoedaniel</marc:subfield>
    </marc:datafield>
    <marc:datafield tag="700" ind1="1" ind2="2">
      <marc:subfield code="a">London, Jack</marc:subfield>
      <marc:subfield code="d">1876-1916</marc:subfield>
      <marc:subfield code="1p">londonjack</marc:subfield>
      <marc:subfield code="t">Hearts of three</marc:subfield>
    </marc:datafield>
    <marc:datafield tag="740" ind1="3" ind2="1">
      <marc:subfield code="a">La mina.</marc:subfield>
    </marc:datafield>
    <marc:datafield tag="740" ind1="0" ind2="1">
      <marc:subfield code="a">Nuevas aventuras de Robinson Crusoe.</marc:subfield>
    </marc:datafield>
    <marc:datafield tag="740" ind1="0" ind2="1">
      <marc:subfield code="a">Hazañas del Brigadier Gerard.</marc:subfield>
    </marc:datafield>
  </marc:record>