
  <marc:record source="doyle.bne.national.library.xml">
    <marc:leader>01846ngm a22004571i 4500</marc:leader>
    <marc:controlfield tag="001">bivi0000004423</marc:controlfield>
    <marc:controlfield tag="003">SpMaBN</marc:controlfield>
    <marc:controlfield tag="005">20101122085651.2</marc:controlfield>
    <marc:controlfield tag="007">vf*caahzs</marc:controlfield>
    <marc:controlfield tag="008">901001s1985    sp 096 g       0 11 spa  </marc:controlfield>
    <marc:datafield tag="015" ind1=" " ind2=" ">
      <marc:subfield code="a">VD85</marc:subfield>
    </marc:datafield>
    <marc:datafield tag="016" ind1="7" ind2=" ">
      <marc:subfield code="a">biviBNE19950064606</marc:subfield>
      <marc:subfield code="z">BN502017</marc:subfield>
      <marc:subfield code="2">SpMaBN</marc:subfield>
    </marc:datafield>
    <marc:datafield tag="017" ind1=" " ind2=" ">
      <marc:subfield code="a">M 37889-1985</marc:subfield>
      <marc:subfield code="b">Oficina Depósito Legal Madrid</marc:subfield>
    </marc:datafield>
    <marc:datafield tag="028" ind1="4" ind2="0">
      <marc:subfield code="a">620</marc:subfield>
      <marc:subfield code="b">Video Movies Internacional</marc:subfield>
    </marc:datafield>
    <marc:datafield tag="035" ind1=" " ind2=" ">
      <marc:subfield code="a">(OCoLC)733208614</marc:subfield>
    </marc:datafield>
    <marc:datafield tag="040" ind1=" " ind2=" ">
      <marc:subfield code="a">SpMaBN</marc:subfield>
      <marc:subfield code="b">spa</marc:subfield>
      <marc:subfield code="c">A2</marc:subfield>
      <marc:subfield code="d">SpMaBN</marc:subfield>
      <marc:subfield code="e">rdc</marc:subfield>
    </marc:datafield>
    <marc:datafield tag="041" ind1="1" ind2=" ">
      <marc:subfield code="a">spa</marc:subfield>
      <marc:subfield code="d">eng</marc:subfield>
    </marc:datafield>
    <marc:datafield tag="130" ind1="4" ind2=" ">
      <marc:subfield code="a">The sign of four</marc:subfield>
      <marc:subfield code="l">Español</marc:subfield>
    </marc:datafield>
    <marc:datafield tag="245" ind1="1" ind2="3">
      <marc:subfield code="a">El signo de cuatro</marc:subfield>
      <marc:subfield code="h">[Videograbación] =</marc:subfield>
      <marc:subfield code="b">The sign of four</marc:subfield>
      <marc:subfield code="c">director, Desmond Davies ; music composed and conducted by Harry
        Rabinowitz ; screenplay by Charles Edward Pogue</marc:subfield>
    </marc:datafield>
    <marc:datafield tag="260" ind1=" " ind2=" ">
      <marc:subfield code="a">Pamplona</marc:subfield>
      <marc:subfield code="b">distribuida a través de Internacional Vídeo Sistemas</marc:subfield>
      <marc:subfield code="c">D.L. 1985</marc:subfield>
    </marc:datafield>
    <marc:datafield tag="300" ind1=" " ind2=" ">
      <marc:subfield code="a">1 videocasete (Beta) (100 min)</marc:subfield>
      <marc:subfield code="b">son., col.</marc:subfield>
    </marc:datafield>
    <marc:datafield tag="500" ind1=" " ind2=" ">
      <marc:subfield code="a">Basada en la novela homónima de Sir Arthur Conan Doyle</marc:subfield>
    </marc:datafield>
    <marc:datafield tag="511" ind1="1" ind2=" ">
      <marc:subfield code="a">Ian Richardson, David Healy, Thorley Walters</marc:subfield>
    </marc:datafield>
    <marc:datafield tag="518" ind1=" " ind2=" ">
      <marc:subfield code="a">Realizada para televisión en 1983 en el Reino Unido</marc:subfield>
    </marc:datafield>
    <marc:datafield tag="520" ind1="3" ind2=" ">
      <marc:subfield code="a">Shelock Holmes y su colega, el doctor Watson, han de resolver un caso
        de venganza, avaricia y homicidio</marc:subfield>
    </marc:datafield>
    <marc:datafield tag="521" ind1=" " ind2=" ">
      <marc:subfield code="a">Autorizada para todos los públicos</marc:subfield>
    </marc:datafield>
    <marc:datafield tag="546" ind1=" " ind2=" ">
      <marc:subfield code="a">Doblada en español</marc:subfield>
    </marc:datafield>
    <marc:datafield tag="597" ind1=" " ind2=" ">
      <marc:subfield code="a">Sonido Hi-Fi</marc:subfield>
    </marc:datafield>
    <marc:datafield tag="655" ind1=" " ind2="7">
      <marc:subfield code="a">Cine de suspense</marc:subfield>
      <marc:subfield code="2">tgfbne</marc:subfield>
    </marc:datafield>
    <marc:datafield tag="700" ind1="1" ind2=" ">
      <marc:subfield code="a">Davis, Desmond</marc:subfield>
      <marc:subfield code="1p">davisdesmond</marc:subfield>
    </marc:datafield>
    <marc:datafield tag="700" ind1="1" ind2=" ">
      <marc:subfield code="a">Rabinowitz, Harry</marc:subfield>
      <marc:subfield code="1p">rabinowitzharry</marc:subfield>
    </marc:datafield>
    <marc:datafield tag="700" ind1="1" ind2=" ">
      <marc:subfield code="a">Pogue, Charles Edward</marc:subfield>
      <marc:subfield code="1p">poguecharlesedward</marc:subfield>
    </marc:datafield>
    <marc:datafield tag="700" ind1="1" ind2=" ">
      <marc:subfield code="a">Richardson, Ian</marc:subfield>
      <marc:subfield code="d">1934-2007</marc:subfield>
      <marc:subfield code="1p">richardsonian</marc:subfield>
    </marc:datafield>
    <marc:datafield tag="700" ind1="1" ind2=" ">
      <marc:subfield code="a">Healy, David</marc:subfield>
      <marc:subfield code="d">1929-1995</marc:subfield>
      <marc:subfield code="1p">healydavid</marc:subfield>
    </marc:datafield>
    <marc:datafield tag="700" ind1="1" ind2=" ">
      <marc:subfield code="a">Walters, Thorley</marc:subfield>
      <marc:subfield code="d">1913-1991</marc:subfield>
      <marc:subfield code="1p">waltersthorley</marc:subfield>
    </marc:datafield>
    <marc:datafield tag="700" ind1="1" ind2="2">
      <marc:subfield code="a">Doyle, Arthur Conan</marc:subfield>
      <marc:subfield code="c">Sir</marc:subfield>
      <marc:subfield code="d">1859-1930</marc:subfield>
      <marc:subfield code="t">The sign of four</marc:subfield>
      <marc:subfield code="1p">http://viaf.org/viaf/65283845</marc:subfield>
      <marc:subfield code="1w">http://viaf.org/viaf/184892317</marc:subfield>
      <marc:subfield code="l">spa</marc:subfield>
    </marc:datafield>
    <marc:datafield tag="899" ind1=" " ind2=" ">
      <marc:subfield code="j">VD/4700</marc:subfield>
    </marc:datafield>
  </marc:record>